<record><header><identifier>oai:alma.41SLSP_UGE:991000028649705502</identifier><datestamp>2024-09-28T00:23:06Z</datestamp><setSpec>uge_bcen_RapidILL_BOOK</setSpec><setSpec>uge_aaca_RapidILL_BOOK</setSpec><setSpec>uge_abels_RapidILL_BOOK</setSpec><setSpec>uge_dbu_RapidILL_BOOK</setSpec><setSpec>uge_cmu_RapidILL_BOOK</setSpec><setSpec>uge_mail_RapidILL_BOOK</setSpec><setSpec>uge_abbat_RapidILL_BOOK</setSpec><setSpec>UNIGE_ALL</setSpec><setSpec>uge_acar_RapidILL_BOOK</setSpec><setSpec>uge_aobs_RapidILL_BOOK</setSpec></header><metadata>
<record xmlns="http://www.loc.gov/MARC21/slim" xmlns:xsi="http://www.w3.org/2001/XMLSchema-instance" xsi:schemaLocation="http://www.loc.gov/MARC21/slim http://www.loc.gov/standards/marcxml/schema/MARC21slim.xsd"><leader>01602nam a22003972c 4500</leader><controlfield tag="001">991000028649705502</controlfield><controlfield tag="005">20240927192728.0</controlfield><controlfield tag="008">201011s1963    gw ||||| |||| 00| ||ger d</controlfield><datafield ind1=" " ind2=" " tag="035"><subfield code="a">(swissbib)226319083-41slsp_network</subfield></datafield><datafield ind1=" " ind2=" " tag="035"><subfield code="a">226319083</subfield><subfield code="9">ExL</subfield></datafield><datafield ind1=" " ind2=" " tag="035"><subfield code="a">(RERO)R247716360-41slsp</subfield></datafield><datafield ind1=" " ind2=" " tag="035"><subfield code="a">(IDSBB)000374668DSV01</subfield></datafield><datafield ind1=" " ind2=" " tag="035"><subfield code="a">(NEBIS)009024470EBI01</subfield></datafield><datafield ind1=" " ind2=" " tag="035"><subfield code="a">(EXLNZ-41SLSP_NETWORK)991005036369705501</subfield></datafield><datafield ind1=" " ind2=" " tag="040"><subfield code="a">STS gevbpu</subfield><subfield code="d">CH-ZuSLS</subfield></datafield><datafield ind1=" " ind2="7" tag="072"><subfield code="a">th</subfield><subfield code="2">rero</subfield></datafield><datafield ind1=" " ind2="7" tag="072"><subfield code="a">th</subfield><subfield code="2">SzZuIDS BS/BE</subfield></datafield><datafield ind1="1" ind2=" " tag="100"><subfield code="a">Keller-Hüschemenger, Max</subfield><subfield code="d">1913-1996</subfield><subfield code="0">(DE-588)1127361694</subfield><subfield code="6">880-01</subfield></datafield><datafield ind1="1" ind2=" " tag="880"><subfield code="a">Keller-Hüschemenger, Max</subfield><subfield code="0">(RERO)A003448132</subfield><subfield code="4">cre</subfield><subfield code="6">100-01</subfield></datafield><datafield ind1="1" ind2="0" tag="245"><subfield code="a">&lt;&lt;Das&gt;&gt; Problem der Heilsgewissheit in der Erlanger Theologie im 19. und 20. Jahrhundert</subfield><subfield code="b">ein Beitrag zur Frage des theologischen Subjektivismus in der gegenwärtigen evangelischen Theologie</subfield><subfield code="c">Max Keller-Hüschemenger</subfield></datafield><datafield ind1=" " ind2="1" tag="264"><subfield code="a">Berlin</subfield><subfield code="a">Hamburg</subfield><subfield code="b">Lutherisches Verlagshaus</subfield><subfield code="c">1963.</subfield></datafield><datafield ind1=" " ind2=" " tag="300"><subfield code="a">205 p.</subfield><subfield code="c">24 cm.</subfield></datafield><datafield ind1=" " ind2=" " tag="336"><subfield code="b">txt</subfield><subfield code="2">rdacontent</subfield></datafield><datafield ind1=" " ind2=" " tag="337"><subfield code="b">n</subfield><subfield code="2">rdamedia</subfield></datafield><datafield ind1=" " ind2=" " tag="338"><subfield code="b">nc</subfield><subfield code="2">rdacarrier</subfield></datafield><datafield ind1="1" ind2=" " tag="490"><subfield code="a">Arbeiten zur Geschichte und Theologie des Luthertums</subfield><subfield code="v">Bd. 10</subfield></datafield><datafield ind1=" " ind2=" " tag="500"><subfield code="a">Includes bibliographical footnotes and indexes.</subfield></datafield><datafield ind1=" " ind2=" " tag="504"><subfield code="a">Bibliography: p. 200-205.</subfield></datafield><datafield ind1=" " ind2="0" tag="650"><subfield code="a">Justification</subfield><subfield code="x">History of doctrines</subfield></datafield><datafield ind1=" " ind2="7" tag="650"><subfield code="a">Evangelische Theologie</subfield><subfield code="z">Erlangen</subfield><subfield code="2">idsbb</subfield></datafield><datafield ind1=" " ind2="7" tag="650"><subfield code="a">Heilsgewissheit</subfield><subfield code="2">idsbb</subfield></datafield><datafield ind1=" " ind2="4" tag="650"><subfield code="a">Evangelische Theologie</subfield></datafield><datafield ind1=" " ind2="4" tag="650"><subfield code="a">Heil</subfield></datafield><datafield ind1=" " ind2="4" tag="650"><subfield code="a">Heilsgewissheit</subfield></datafield><datafield ind1=" " ind2=" " tag="830"><subfield code="a">Arbeiten zur Geschichte und Theologie des Luthertums</subfield><subfield code="v">10</subfield><subfield code="w">(IDSBB)000122366DSV01</subfield></datafield><datafield ind1=" " ind2=" " tag="900"><subfield code="a">REROnoselfmerge</subfield></datafield><datafield ind1=" " ind2=" " tag="900"><subfield code="f">IDSU2medea</subfield></datafield></record>
</metadata></record>