<record><header><identifier>oai:alma.41SLSP_UGE:991000028129705502</identifier><datestamp>2023-03-03T01:07:27Z</datestamp><setSpec>uge_bcen_RapidILL_BOOK</setSpec><setSpec>uge_aaca_RapidILL_BOOK</setSpec><setSpec>uge_abels_RapidILL_BOOK</setSpec><setSpec>uge_dbu_RapidILL_BOOK</setSpec><setSpec>uge_cmu_RapidILL_BOOK</setSpec><setSpec>uge_mail_RapidILL_BOOK</setSpec><setSpec>uge_abbat_RapidILL_BOOK</setSpec><setSpec>UNIGE_ALL</setSpec><setSpec>uge_acar_RapidILL_BOOK</setSpec><setSpec>uge_aobs_RapidILL_BOOK</setSpec></header><metadata>
<record xmlns="http://www.loc.gov/MARC21/slim" xmlns:xsi="http://www.w3.org/2001/XMLSchema-instance" xsi:schemaLocation="http://www.loc.gov/MARC21/slim http://www.loc.gov/standards/marcxml/schema/MARC21slim.xsd"><leader>01143nam a2200301 c 4500</leader><controlfield tag="001">991000028129705502</controlfield><controlfield tag="005">20230302184114.0</controlfield><controlfield tag="008">900621s1975    xxu||||| |||| 00| ||eng d</controlfield><datafield ind1=" " ind2=" " tag="035"><subfield code="a">(swissbib)084771712-41slsp_network</subfield></datafield><datafield ind1=" " ind2=" " tag="035"><subfield code="a">084771712</subfield><subfield code="9">ExL</subfield></datafield><datafield ind1=" " ind2=" " tag="035"><subfield code="a">(RERO)1257470-41slsp</subfield></datafield><datafield ind1=" " ind2=" " tag="035"><subfield code="a">(EXLNZ-41SLSP_NETWORK)991102286019705501</subfield></datafield><datafield ind1=" " ind2=" " tag="040"><subfield code="a">RERO geuses</subfield><subfield code="d">CH-ZuSLS</subfield></datafield><datafield ind1=" " ind2="7" tag="072"><subfield code="a">go</subfield><subfield code="2">rero</subfield></datafield><datafield ind1="1" ind2=" " tag="100"><subfield code="a">Pilkey, Orrin H.</subfield><subfield code="c">Jr.</subfield><subfield code="0">(RERO)A012342334</subfield><subfield code="4">cre</subfield></datafield><datafield ind1="1" ind2="0" tag="245"><subfield code="a">How to live with an island</subfield><subfield code="b">a handbook to Bogue Banks, North Carolina</subfield><subfield code="c">Orrin H. Pilkey Jr., Orrin H. Pilkey Sr., Robb Turner</subfield></datafield><datafield ind1=" " ind2="1" tag="264"><subfield code="a">Raleigh</subfield><subfield code="b">North Carolina Department of Natural and Economic Resources</subfield><subfield code="c">[1975]</subfield></datafield><datafield ind1=" " ind2="4" tag="264"><subfield code="c">© 1975</subfield></datafield><datafield ind1=" " ind2=" " tag="300"><subfield code="a">IX, 119 p.</subfield><subfield code="b">ill.</subfield><subfield code="c">22 cm</subfield></datafield><datafield ind1=" " ind2=" " tag="336"><subfield code="b">txt</subfield><subfield code="2">rdacontent</subfield></datafield><datafield ind1=" " ind2=" " tag="337"><subfield code="b">n</subfield><subfield code="2">rdamedia</subfield></datafield><datafield ind1=" " ind2=" " tag="338"><subfield code="b">nc</subfield><subfield code="2">rdacarrier</subfield></datafield><datafield ind1=" " ind2="7" tag="650"><subfield code="a">maison - construction</subfield><subfield code="0">(RERO)A010112125</subfield><subfield code="2">rerovoc</subfield></datafield><datafield ind1=" " ind2="7" tag="650"><subfield code="a">Géographie</subfield><subfield code="0">(IDREF)027534510</subfield><subfield code="2">idref</subfield></datafield><datafield ind1=" " ind2="7" tag="650"><subfield code="a">Îles</subfield><subfield code="0">(IDREF)027464202</subfield><subfield code="2">idref</subfield></datafield><datafield ind1=" " ind2="7" tag="651"><subfield code="a">Bogue Banks (Etats-Unis)</subfield><subfield code="0">(RERO)A010055016</subfield><subfield code="2">rero</subfield></datafield><datafield ind1="1" ind2=" " tag="700"><subfield code="a">Pilkey, Orrin H.</subfield><subfield code="c">Sr.</subfield><subfield code="0">(RERO)A012342335</subfield></datafield><datafield ind1="1" ind2=" " tag="700"><subfield code="a">Turner, Robb</subfield><subfield code="0">(RERO)A003915603</subfield></datafield><datafield ind1=" " ind2=" " tag="900"><subfield code="a">REROnoselfmerge</subfield></datafield></record>
</metadata></record>