<record><header><identifier>oai:alma.41SLSP_UGE:991000028339705502</identifier><datestamp>2023-03-01T01:09:08Z</datestamp><setSpec>uge_bcen_RapidILL_BOOK</setSpec><setSpec>uge_aaca_RapidILL_BOOK</setSpec><setSpec>uge_abels_RapidILL_BOOK</setSpec><setSpec>uge_dbu_RapidILL_BOOK</setSpec><setSpec>uge_cmu_RapidILL_BOOK</setSpec><setSpec>uge_mail_RapidILL_BOOK</setSpec><setSpec>UNIGE_ALL</setSpec><setSpec>uge_abbat_RapidILL_BOOK</setSpec><setSpec>uge_aobs_RapidILL_BOOK</setSpec><setSpec>uge_acar_RapidILL_BOOK</setSpec></header><metadata>
<record xmlns="http://www.loc.gov/MARC21/slim" xmlns:xsi="http://www.w3.org/2001/XMLSchema-instance" xsi:schemaLocation="http://www.loc.gov/MARC21/slim http://www.loc.gov/standards/marcxml/schema/MARC21slim.xsd"><leader>01653nam a2200469 c 4500</leader><controlfield tag="001">991000028339705502</controlfield><controlfield tag="005">20201229230328.0</controlfield><controlfield tag="008">201011s1975    sz ||||| |||| 00| ||fre d</controlfield><datafield ind1=" " ind2=" " tag="020"><subfield code="c">Fr. 80.- rel.</subfield></datafield><datafield ind1=" " ind2=" " tag="035"><subfield code="a">(swissbib)213267357-41slsp_network</subfield></datafield><datafield ind1=" " ind2=" " tag="035"><subfield code="a">213267357</subfield><subfield code="9">ExL</subfield></datafield><datafield ind1=" " ind2=" " tag="035"><subfield code="a">(RERO)0089947-41slsp</subfield></datafield><datafield ind1=" " ind2=" " tag="035"><subfield code="a">(NEBIS)003117886EBI01</subfield></datafield><datafield ind1=" " ind2=" " tag="035"><subfield code="a">(Sz)vtls000188918</subfield></datafield><datafield ind1=" " ind2=" " tag="035"><subfield code="a">(EXLNZ-41SLSP_NETWORK)991091700579705501</subfield></datafield><datafield ind1=" " ind2=" " tag="040"><subfield code="a">RERO</subfield><subfield code="d">CH-ZuSLS</subfield></datafield><datafield ind1=" " ind2=" " tag="044"><subfield code="a">sz</subfield><subfield code="c">ch-ge</subfield></datafield><datafield ind1=" " ind2="7" tag="072"><subfield code="a">fr</subfield><subfield code="2">rero</subfield></datafield><datafield ind1="0" ind2="4" tag="082"><subfield code="a">070.4/092/4</subfield><subfield code="a">B</subfield></datafield><datafield ind1="0" ind2="4" tag="082"><subfield code="a">840.9005</subfield></datafield><datafield ind1="1" ind2="4" tag="082"><subfield code="a">070.4/092/4</subfield><subfield code="a">B</subfield></datafield><datafield ind1="1" ind2="4" tag="082"><subfield code="a">100</subfield></datafield><datafield ind1="1" ind2=" " tag="100"><subfield code="a">Balcou, Jean</subfield><subfield code="d">1932-....</subfield><subfield code="0">(IDREF)026701979</subfield><subfield code="4">cre</subfield></datafield><datafield ind1="1" ind2="0" tag="245"><subfield code="a">Fréron contre les philosophes</subfield><subfield code="c">Jean Balcou</subfield></datafield><datafield ind1=" " ind2="1" tag="264"><subfield code="a">Genève</subfield><subfield code="a">Paris</subfield><subfield code="b">Droz</subfield><subfield code="c">1975</subfield></datafield><datafield ind1=" " ind2=" " tag="300"><subfield code="a">493 p.</subfield><subfield code="b">tabl. généal.</subfield><subfield code="c">24 cm</subfield></datafield><datafield ind1=" " ind2=" " tag="336"><subfield code="b">txt</subfield><subfield code="2">rdacontent</subfield></datafield><datafield ind1=" " ind2=" " tag="337"><subfield code="b">n</subfield><subfield code="2">rdamedia</subfield></datafield><datafield ind1=" " ind2=" " tag="338"><subfield code="b">nc</subfield><subfield code="2">rdacarrier</subfield></datafield><datafield ind1="1" ind2=" " tag="490"><subfield code="a">Histoire des idées et critique littéraire</subfield><subfield code="v">no 151</subfield></datafield><datafield ind1="1" ind2="7" tag="600"><subfield code="a">Fréron, Élie-Catherine</subfield><subfield code="d">1718-1776</subfield><subfield code="0">(IDREF)026874792</subfield><subfield code="2">idref</subfield></datafield><datafield ind1="1" ind2="7" tag="600"><subfield code="a">Fréron, Élie-Catherine</subfield><subfield code="d">1718-1776</subfield><subfield code="0">(DE-588)118703064</subfield><subfield code="2">gnd</subfield></datafield><datafield ind1="1" ind2="0" tag="600"><subfield code="a">Fréron, Elie-Catherine</subfield><subfield code="d">1718-1776</subfield></datafield><datafield ind1="1" ind2="0" tag="600"><subfield code="a">Voltaire</subfield><subfield code="d">1694-1778</subfield></datafield><datafield ind1="1" ind2="0" tag="600"><subfield code="a">Voltaire</subfield><subfield code="d">1694-1778</subfield><subfield code="x">Contemporaries</subfield></datafield><datafield ind1=" " ind2="7" tag="648"><subfield code="a">Geistesgeschichte 1680-1790</subfield><subfield code="2">gnd</subfield></datafield><datafield ind1=" " ind2="7" tag="650"><subfield code="a">Aufklärung</subfield><subfield code="0">(DE-588)4003524-4</subfield><subfield code="2">gnd</subfield></datafield><datafield ind1=" " ind2="7" tag="651"><subfield code="a">Frankreich</subfield><subfield code="0">(DE-588)4018145-5</subfield><subfield code="2">gnd</subfield></datafield><datafield ind1=" " ind2=" " tag="690"><subfield code="a">Fréron, Elie-C</subfield><subfield code="2">uzb-Z9</subfield></datafield><datafield ind1=" " ind2=" " tag="690"><subfield code="a">Philosophie / Biographisches / Einzelnes / 1950- ersch.</subfield><subfield code="2">uzb-Z9</subfield></datafield><datafield ind1=" " ind2=" " tag="830"><subfield code="a">Histoire des idées et critique littéraire</subfield><subfield code="v">151</subfield><subfield code="w">(RERO)0003402-41slsp</subfield></datafield><datafield ind1=" " ind2=" " tag="900"><subfield code="a">REROnoselfmerge</subfield></datafield><datafield ind1=" " ind2=" " tag="900"><subfield code="a">IDSZRMedeaZBZ</subfield></datafield></record>
</metadata></record>