<record><header><identifier>oai:alma.41SLSP_UGE:991000028439705502</identifier><datestamp>2024-10-17T00:09:59Z</datestamp><setSpec>uge_bcen_RapidILL_BOOK</setSpec><setSpec>uge_aaca_RapidILL_BOOK</setSpec><setSpec>uge_abels_RapidILL_BOOK</setSpec><setSpec>uge_dbu_RapidILL_BOOK</setSpec><setSpec>uge_cmu_RapidILL_BOOK</setSpec><setSpec>uge_mail_RapidILL_BOOK</setSpec><setSpec>uge_abbat_RapidILL_BOOK</setSpec><setSpec>UNIGE_ALL</setSpec><setSpec>uge_aobs_RapidILL_BOOK</setSpec><setSpec>uge_acar_RapidILL_BOOK</setSpec></header><metadata>
<record xmlns="http://www.loc.gov/MARC21/slim" xmlns:xsi="http://www.w3.org/2001/XMLSchema-instance" xsi:schemaLocation="http://www.loc.gov/MARC21/slim http://www.loc.gov/standards/marcxml/schema/MARC21slim.xsd"><leader>01067nam a2200337 ca4500</leader><controlfield tag="001">991000028439705502</controlfield><controlfield tag="005">20241016200808.0</controlfield><controlfield tag="008">201011s1985    xxk||||| |||| 00| ||eng d</controlfield><datafield ind1=" " ind2=" " tag="020"><subfield code="a">0080307728</subfield><subfield code="q">Gesamtwerk</subfield></datafield><datafield ind1=" " ind2=" " tag="035"><subfield code="a">(swissbib)224865536-41slsp_network</subfield></datafield><datafield ind1=" " ind2=" " tag="035"><subfield code="a">224865536</subfield><subfield code="9">ExL</subfield></datafield><datafield ind1=" " ind2=" " tag="035"><subfield code="a">(RERO)0586837-41slsp</subfield></datafield><datafield ind1=" " ind2=" " tag="035"><subfield code="a">(IDSBB)002793556DSV01</subfield></datafield><datafield ind1=" " ind2=" " tag="035"><subfield code="a">(NEBIS)007715849EBI01</subfield></datafield><datafield ind1=" " ind2=" " tag="035"><subfield code="a">(EXLNZ-41SLSP_NETWORK)991143889149705501</subfield></datafield><datafield ind1=" " ind2=" " tag="040"><subfield code="a">RERO labdfm</subfield><subfield code="d">CH-ZuSLS</subfield></datafield><datafield ind1=" " ind2=" " tag="060"><subfield code="a">WF 600</subfield></datafield><datafield ind1=" " ind2="7" tag="072"><subfield code="a">me</subfield><subfield code="2">rero</subfield></datafield><datafield ind1=" " ind2=" " tag="084"><subfield code="a">XG 6150</subfield><subfield code="2">rvk</subfield></datafield><datafield ind1="1" ind2=" " tag="100"><subfield code="a">Spencer, Herbert</subfield><subfield code="d">1915-1993</subfield><subfield code="0">(RERO)A012328163</subfield><subfield code="4">cre</subfield></datafield><datafield ind1="1" ind2="0" tag="245"><subfield code="a">Pathology of the lung</subfield><subfield code="b">(in two volumes)</subfield><subfield code="c">H. Spencer</subfield></datafield><datafield ind1=" " ind2=" " tag="250"><subfield code="a">4th edition</subfield></datafield><datafield ind1=" " ind2="1" tag="264"><subfield code="a">Oxford</subfield><subfield code="a">New York [etc.]</subfield><subfield code="b">Pergamon Press</subfield><subfield code="c">1985</subfield></datafield><datafield ind1=" " ind2=" " tag="300"><subfield code="a">2 vol. (XIV, XIV, 1176 p.)</subfield><subfield code="b">ill.</subfield><subfield code="c">25 cm</subfield></datafield><datafield ind1=" " ind2=" " tag="336"><subfield code="b">txt</subfield><subfield code="2">rdacontent</subfield></datafield><datafield ind1=" " ind2=" " tag="337"><subfield code="b">n</subfield><subfield code="2">rdamedia</subfield></datafield><datafield ind1=" " ind2=" " tag="338"><subfield code="b">nc</subfield><subfield code="2">rdacarrier</subfield></datafield><datafield ind1=" " ind2="2" tag="650"><subfield code="a">Lung Diseases</subfield></datafield><datafield ind1=" " ind2="7" tag="650"><subfield code="a">Poumon</subfield><subfield code="0">(IDREF)027243494</subfield><subfield code="2">idref</subfield></datafield><datafield ind1=" " ind2="7" tag="650"><subfield code="a">Pathologie</subfield><subfield code="0">(IDREF)027245896</subfield><subfield code="2">idref</subfield></datafield><datafield ind1=" " ind2="2" tag="650"><subfield code="a">Lung Diseases</subfield><subfield code="0">(DNLM)D008171</subfield></datafield><datafield ind1=" " ind2=" " tag="900"><subfield code="a">REROnoselfmerge</subfield></datafield></record>
</metadata></record>