<record><header><identifier>oai:alma.41SLSP_UGE:991000028559705502</identifier><datestamp>2023-03-01T01:09:08Z</datestamp><setSpec>uge_bcen_RapidILL_BOOK</setSpec><setSpec>uge_aaca_RapidILL_BOOK</setSpec><setSpec>uge_abels_RapidILL_BOOK</setSpec><setSpec>uge_dbu_RapidILL_BOOK</setSpec><setSpec>uge_cmu_RapidILL_BOOK</setSpec><setSpec>uge_mail_RapidILL_BOOK</setSpec><setSpec>UNIGE_ALL</setSpec><setSpec>uge_abbat_RapidILL_BOOK</setSpec><setSpec>uge_aobs_RapidILL_BOOK</setSpec><setSpec>uge_acar_RapidILL_BOOK</setSpec></header><metadata>
<record xmlns="http://www.loc.gov/MARC21/slim" xmlns:xsi="http://www.w3.org/2001/XMLSchema-instance" xsi:schemaLocation="http://www.loc.gov/MARC21/slim http://www.loc.gov/standards/marcxml/schema/MARC21slim.xsd"><leader>01996nam a2200457 c 4500</leader><controlfield tag="001">991000028559705502</controlfield><controlfield tag="005">20230116185438.0</controlfield><controlfield tag="008">201012s2003    fr ||||| |||| 00| ||fre d</controlfield><datafield ind1=" " ind2=" " tag="020"><subfield code="a">2879008182</subfield><subfield code="q">Ed. ParisMusées</subfield></datafield><datafield ind1=" " ind2=" " tag="020"><subfield code="a">2867421217</subfield><subfield code="q">Ed. des cendres</subfield></datafield><datafield ind1="7" ind2=" " tag="024"><subfield code="a">http://catalogue.bnf.fr/ark:/12148/cb39134723z</subfield><subfield code="2">uri</subfield></datafield><datafield ind1=" " ind2=" " tag="035"><subfield code="a">(swissbib)23562134X-41slsp_network</subfield></datafield><datafield ind1=" " ind2=" " tag="035"><subfield code="a">23562134X</subfield><subfield code="9">ExL</subfield></datafield><datafield ind1=" " ind2=" " tag="035"><subfield code="a">(RERO)R003765844-41slsp</subfield></datafield><datafield ind1=" " ind2=" " tag="035"><subfield code="a">(IDSBB)003238721DSV01</subfield></datafield><datafield ind1=" " ind2=" " tag="035"><subfield code="a">(EXLNZ-41SLSP_NETWORK)991004874869705501</subfield></datafield><datafield ind1=" " ind2=" " tag="040"><subfield code="a">RERO geullc</subfield><subfield code="d">CH-ZuSLS</subfield></datafield><datafield ind1=" " ind2="7" tag="072"><subfield code="a">fr</subfield><subfield code="2">rero</subfield></datafield><datafield ind1=" " ind2="7" tag="072"><subfield code="a">fl</subfield><subfield code="2">SzZuIDS BS/BE</subfield></datafield><datafield ind1=" " ind2="7" tag="072"><subfield code="a">it</subfield><subfield code="2">SzZuIDS BS/BE</subfield></datafield><datafield ind1="1" ind2="4" tag="082"><subfield code="a">840</subfield><subfield code="2">15</subfield></datafield><datafield ind1=" " ind2=" " tag="084"><subfield code="a">IG 5305</subfield><subfield code="2">rvk</subfield></datafield><datafield ind1="0" ind2="0" tag="245"><subfield code="a">Balzac et l'Italie</subfield><subfield code="b">lectures croisées : [actes du colloque, Paris, 10-11 novembre 2000]</subfield><subfield code="c">[organisé par la Maison de Balzac et l'Istituto italiano di cultura de Paris] ; [Mariolina Bertini... et al.]</subfield></datafield><datafield ind1=" " ind2="1" tag="264"><subfield code="a">[Paris]</subfield><subfield code="b">Paris-Musées</subfield><subfield code="b">Ed. des cendres</subfield><subfield code="c">2003</subfield></datafield><datafield ind1=" " ind2=" " tag="300"><subfield code="a">203 p.</subfield><subfield code="b">ill.</subfield><subfield code="c">23 cm</subfield></datafield><datafield ind1=" " ind2=" " tag="336"><subfield code="b">txt</subfield><subfield code="2">rdacontent</subfield></datafield><datafield ind1=" " ind2=" " tag="337"><subfield code="b">n</subfield><subfield code="2">rdamedia</subfield></datafield><datafield ind1=" " ind2=" " tag="338"><subfield code="b">nc</subfield><subfield code="2">rdacarrier</subfield></datafield><datafield ind1="0" ind2=" " tag="490"><subfield code="a">Les rencontres de la Maison de Balzac</subfield><subfield code="v">[1]</subfield></datafield><datafield ind1=" " ind2=" " tag="500"><subfield code="a">Exposition. Paris. Maison de Balzac. 2000-2001</subfield></datafield><datafield ind1=" " ind2=" " tag="500"><subfield code="a">Publ. à l'occasion de l'exposition présentée à la Maison de Balzac, Paris, 10 octobre 2000 - 7 janvier 2001</subfield></datafield><datafield ind1="1" ind2="7" tag="600"><subfield code="a">Balzac, Honoré de</subfield><subfield code="d">1799-1850</subfield><subfield code="0">(IDREF)02670305X</subfield><subfield code="2">idref</subfield></datafield><datafield ind1="1" ind2="7" tag="600"><subfield code="a">Balzac, Honoré de</subfield><subfield code="z">Italien</subfield><subfield code="2">idsbb</subfield></datafield><datafield ind1=" " ind2="7" tag="651"><subfield code="a">Italie</subfield><subfield code="0">(IDREF)027235408</subfield><subfield code="2">idref</subfield></datafield><datafield ind1=" " ind2="7" tag="655"><subfield code="a">Actes de congrès</subfield><subfield code="0">(IDREF)02886431X</subfield><subfield code="2">idref</subfield></datafield><datafield ind1=" " ind2="7" tag="655"><subfield code="a">Ausstellungskatalog</subfield><subfield code="z">Paris</subfield><subfield code="y">2000-2001</subfield><subfield code="2">gnd-content</subfield></datafield><datafield ind1=" " ind2="7" tag="655"><subfield code="a">Konferenzschrift</subfield><subfield code="z">Paris</subfield><subfield code="y">2001</subfield><subfield code="2">gnd-content</subfield></datafield><datafield ind1="1" ind2=" " tag="700"><subfield code="a">Bongiovanni Bertini, Mariolina</subfield><subfield code="d">1947-....</subfield><subfield code="0">(IDREF)026650185</subfield></datafield><datafield ind1="2" ind2=" " tag="710"><subfield code="a">Maison de Balzac</subfield><subfield code="g">Paris</subfield><subfield code="0">(DE-588)1014654-4</subfield></datafield><datafield ind1="2" ind2=" " tag="710"><subfield code="a">Istituto italiano di cultura (Paris)</subfield><subfield code="b">Colloque</subfield><subfield code="d">2000</subfield><subfield code="c">Paris</subfield><subfield code="0">(RERO)A012438293</subfield></datafield><datafield ind1="2" ind2=" " tag="710"><subfield code="a">Maison de Balzac (Paris)</subfield><subfield code="b">Colloque</subfield><subfield code="d">2000</subfield><subfield code="c">Paris</subfield><subfield code="0">(RERO)A012438294</subfield></datafield><datafield ind1=" " ind2=" " tag="900"><subfield code="a">REROnoselfmerge</subfield></datafield></record>
</metadata></record>