<record><header><identifier>oai:alma.41SLSP_UGE:991000028039705502</identifier><datestamp>2024-03-22T01:19:51Z</datestamp><setSpec>uge_bcen_RapidILL_BOOK</setSpec><setSpec>uge_aaca_RapidILL_BOOK</setSpec><setSpec>uge_abels_RapidILL_BOOK</setSpec><setSpec>uge_dbu_RapidILL_BOOK</setSpec><setSpec>uge_cmu_RapidILL_BOOK</setSpec><setSpec>uge_mail_RapidILL_BOOK</setSpec><setSpec>uge_abbat_RapidILL_BOOK</setSpec><setSpec>UNIGE_ALL</setSpec><setSpec>uge_acar_RapidILL_BOOK</setSpec><setSpec>uge_aobs_RapidILL_BOOK</setSpec></header><metadata>
<record xmlns="http://www.loc.gov/MARC21/slim" xmlns:xsi="http://www.w3.org/2001/XMLSchema-instance" xsi:schemaLocation="http://www.loc.gov/MARC21/slim http://www.loc.gov/standards/marcxml/schema/MARC21slim.xsd"><leader>01671nam a2200301 ca4500</leader><controlfield tag="001">991000028039705502</controlfield><controlfield tag="005">20240321232624.0</controlfield><controlfield tag="008">960525m17851793fr ||||| |||| 00| ||fre d</controlfield><datafield ind1=" " ind2=" " tag="019"><subfield code="a">Übergeordnete Aufnahme = Niveau supérieur = Livello superiore</subfield><subfield code="5">SLSP/2020</subfield></datafield><datafield ind1=" " ind2=" " tag="035"><subfield code="a">(swissbib)076499901-41slsp_network</subfield></datafield><datafield ind1=" " ind2=" " tag="035"><subfield code="a">076499901</subfield><subfield code="9">ExL</subfield></datafield><datafield ind1=" " ind2=" " tag="035"><subfield code="a">(RERO)0015009-41slsp</subfield></datafield><datafield ind1=" " ind2=" " tag="035"><subfield code="a">(EXLNZ-41SLSP_NETWORK)991027499179705501</subfield></datafield><datafield ind1=" " ind2=" " tag="040"><subfield code="a">RERO</subfield><subfield code="d">CH-ZuSLS</subfield></datafield><datafield ind1=" " ind2="7" tag="072"><subfield code="a">ge</subfield><subfield code="2">rero</subfield></datafield><datafield ind1="0" ind2="0" tag="245"><subfield code="a">Bibliothèque universelle des dames</subfield></datafield><datafield ind1=" " ind2="1" tag="264"><subfield code="a">A Paris, rue d'Anjou-Dauphine, no 6</subfield><subfield code="b">[éditeur non identifié]</subfield><subfield code="c">1785-1793</subfield></datafield><datafield ind1=" " ind2=" " tag="300"><subfield code="a">158 tomes</subfield><subfield code="b">ill.</subfield><subfield code="c">18⁰ (13 cm)</subfield></datafield><datafield ind1=" " ind2=" " tag="336"><subfield code="b">txt</subfield><subfield code="2">rdacontent</subfield></datafield><datafield ind1=" " ind2=" " tag="337"><subfield code="b">n</subfield><subfield code="2">rdamedia</subfield></datafield><datafield ind1=" " ind2=" " tag="338"><subfield code="b">nc</subfield><subfield code="2">rdacarrier</subfield></datafield><datafield ind1=" " ind2=" " tag="500"><subfield code="a">La numérotation originale des classes 3, 8 et 9 est incohérente</subfield></datafield><datafield ind1=" " ind2=" " tag="500"><subfield code="a">Collection bimensuelle (1785-1790) ; collection irrégulière (1791-1793)</subfield></datafield><datafield ind1=" " ind2=" " tag="500"><subfield code="a">L'adresse donnée au titre en 1785 et 1786, rue d'Anjou puis rue d'Anjou-Dauphine, est celle du directeur (non nommé, le &quot;sieur Perrin&quot; ?) de la &quot;Bibliothèque&quot;.</subfield></datafield><datafield ind1=" " ind2=" " tag="500"><subfield code="a">Variante(s) de l'adresse : Paris (rue d'Anjou-Dauphine, la seconde porte cochère à gauche, en entrant par la rue Dauphine) : [s.n.], 1786 ; Paris (rue d'Anjou-Dauphine, no 6) : [s.n.], 1786 ; Paris (rue et hôtel Serpente) : [Gaspard-Joseph Cuchet], 1787-1793</subfield></datafield><datafield ind1=" " ind2=" " tag="500"><subfield code="a">Certains vol. ont fait l'objet d'une réimpression, voire d'une réédition, au début du XIXe siècle, par Antoine-François Bidault et par Émile-Eustache-Louis-René Ménard associé à Joseph Desenne</subfield></datafield><datafield ind1="3" ind2=" " tag="510"><subfield code="a">BN-Opale plus</subfield></datafield><datafield ind1=" " ind2=" " tag="751"><subfield code="a">Paris (France)</subfield><subfield code="4">pup</subfield><subfield code="0">(IDREF)027244520</subfield></datafield><datafield ind1=" " ind2=" " tag="900"><subfield code="a">REROswissbibnomerge</subfield></datafield></record>
</metadata></record>