<record><header><identifier>oai:alma.41SLSP_UGE:991000028239705502</identifier><datestamp>2023-07-01T00:15:19Z</datestamp><setSpec>uge_bcen_RapidILL_BOOK</setSpec><setSpec>uge_aaca_RapidILL_BOOK</setSpec><setSpec>uge_abels_RapidILL_BOOK</setSpec><setSpec>uge_dbu_RapidILL_BOOK</setSpec><setSpec>uge_cmu_RapidILL_BOOK</setSpec><setSpec>uge_mail_RapidILL_BOOK</setSpec><setSpec>uge_abbat_RapidILL_BOOK</setSpec><setSpec>UNIGE_ALL</setSpec><setSpec>uge_aobs_RapidILL_BOOK</setSpec><setSpec>uge_acar_RapidILL_BOOK</setSpec></header><metadata>
<record xmlns="http://www.loc.gov/MARC21/slim" xmlns:xsi="http://www.w3.org/2001/XMLSchema-instance" xsi:schemaLocation="http://www.loc.gov/MARC21/slim http://www.loc.gov/standards/marcxml/schema/MARC21slim.xsd"><leader>03227naa a2200589 c 4500</leader><controlfield tag="001">991000028239705502</controlfield><controlfield tag="005">20230630213142.0</controlfield><controlfield tag="008">070410s2006    sz ||||| |||| 10| ||ger d</controlfield><datafield ind1=" " ind2=" " tag="035"><subfield code="a">(swissbib)105041459-41slsp_network</subfield></datafield><datafield ind1=" " ind2=" " tag="035"><subfield code="a">105041459</subfield><subfield code="9">ExL</subfield></datafield><datafield ind1=" " ind2=" " tag="035"><subfield code="a">(RERO)R004376243-41slsp</subfield></datafield><datafield ind1=" " ind2=" " tag="035"><subfield code="a">(EXLNZ-41SLSP_NETWORK)991091216869705501</subfield></datafield><datafield ind1=" " ind2=" " tag="040"><subfield code="a">RERO neubfd</subfield><subfield code="d">CH-ZuSLS</subfield></datafield><datafield ind1=" " ind2=" " tag="044"><subfield code="a">sz</subfield><subfield code="c">ch-sg</subfield></datafield><datafield ind1=" " ind2="7" tag="072"><subfield code="a">dr</subfield><subfield code="2">rero</subfield></datafield><datafield ind1=" " ind2=" " tag="084"><subfield code="a">CA/CH 57.1 i</subfield><subfield code="2">cjurrom</subfield></datafield><datafield ind1=" " ind2=" " tag="084"><subfield code="a">CA/CH 58.1 i</subfield><subfield code="2">cjurrom</subfield></datafield><datafield ind1="1" ind2=" " tag="100"><subfield code="a">Eugster, Gebhard</subfield><subfield code="d">1944-....</subfield><subfield code="0">(IDREF)088814211</subfield><subfield code="4">cre</subfield></datafield><datafield ind1="1" ind2="0" tag="245"><subfield code="a">&lt;&lt;Der&gt;&gt; Vertrauensarzt im Streit über Krankenversicherungsleistungen</subfield><subfield code="c">Gebhard Eugster</subfield></datafield><datafield ind1=" " ind2=" " tag="336"><subfield code="b">txt</subfield><subfield code="2">rdacontent</subfield></datafield><datafield ind1=" " ind2=" " tag="337"><subfield code="b">n</subfield><subfield code="2">rdamedia</subfield></datafield><datafield ind1=" " ind2=" " tag="338"><subfield code="b">nc</subfield><subfield code="2">rdacarrier</subfield></datafield><datafield ind1=" " ind2=" " tag="580"><subfield code="a">In: Medizin und Sozialversicherung im Gespräch : Referate der Tagung vom 8./9. Juni 2005 in Luzern. - St. Gallen : Institut für Rechtswissenschaft und Rechtspraxis, 2006. - P. 123-154</subfield></datafield><datafield ind1=" " ind2="7" tag="650"><subfield code="a">KV</subfield><subfield code="9">ger</subfield><subfield code="0">(RERO)jurivoc000013824ger</subfield><subfield code="2">jurivoc</subfield></datafield><datafield ind1=" " ind2="7" tag="650"><subfield code="a">Krankenversicherer</subfield><subfield code="9">ger</subfield><subfield code="0">(RERO)jurivoc000013549ger</subfield><subfield code="2">jurivoc</subfield></datafield><datafield ind1=" " ind2="7" tag="650"><subfield code="a">Vertrauensarzt</subfield><subfield code="9">ger</subfield><subfield code="0">(RERO)jurivoc000025281ger</subfield><subfield code="2">jurivoc</subfield></datafield><datafield ind1=" " ind2="7" tag="650"><subfield code="a">Überwachung(allgemein)</subfield><subfield code="9">ger</subfield><subfield code="0">(RERO)jurivoc000023241ger</subfield><subfield code="2">jurivoc</subfield></datafield><datafield ind1=" " ind2="7" tag="650"><subfield code="a">Versicherungsleistung(KV)</subfield><subfield code="9">ger</subfield><subfield code="0">(RERO)jurivoc000025098ger</subfield><subfield code="2">jurivoc</subfield></datafield><datafield ind1=" " ind2="7" tag="650"><subfield code="a">Pflichtleistung</subfield><subfield code="9">ger</subfield><subfield code="0">(RERO)jurivoc000017237ger</subfield><subfield code="2">jurivoc</subfield></datafield><datafield ind1=" " ind2="7" tag="650"><subfield code="a">Wirtschaftlichkeit der Behandlung</subfield><subfield code="9">ger</subfield><subfield code="0">(RERO)jurivoc000026698ger</subfield><subfield code="2">jurivoc</subfield></datafield><datafield ind1=" " ind2="7" tag="650"><subfield code="a">Datenschutz</subfield><subfield code="9">ger</subfield><subfield code="0">(RERO)jurivoc000005314ger</subfield><subfield code="2">jurivoc</subfield></datafield><datafield ind1=" " ind2="7" tag="650"><subfield code="a">Berufsgeheimnis</subfield><subfield code="9">ger</subfield><subfield code="0">(RERO)jurivoc000003332ger</subfield><subfield code="2">jurivoc</subfield></datafield><datafield ind1=" " ind2="7" tag="650"><subfield code="a">Auskunftspflicht</subfield><subfield code="9">ger</subfield><subfield code="0">(RERO)jurivoc000002233ger</subfield><subfield code="2">jurivoc</subfield></datafield><datafield ind1=" " ind2="7" tag="650"><subfield code="a">Autonomie</subfield><subfield code="9">ger</subfield><subfield code="0">(RERO)jurivoc000002585ger</subfield><subfield code="2">jurivoc</subfield></datafield><datafield ind1=" " ind2="7" tag="650"><subfield code="a">Subordinationsverhältnis</subfield><subfield code="9">ger</subfield><subfield code="0">(RERO)jurivoc000021982ger</subfield><subfield code="2">jurivoc</subfield></datafield><datafield ind1=" " ind2="7" tag="650"><subfield code="a">Ausstand</subfield><subfield code="9">ger</subfield><subfield code="0">(RERO)jurivoc000002487ger</subfield><subfield code="2">jurivoc</subfield></datafield><datafield ind1=" " ind2="7" tag="650"><subfield code="a">Sachverständiger</subfield><subfield code="9">ger</subfield><subfield code="0">(RERO)jurivoc000019272ger</subfield><subfield code="2">jurivoc</subfield></datafield><datafield ind1=" " ind2="7" tag="650"><subfield code="a">Krankenversicherungsorgan</subfield><subfield code="9">ger</subfield><subfield code="0">(RERO)jurivoc000013553ger</subfield><subfield code="2">jurivoc</subfield></datafield><datafield ind1=" " ind2="7" tag="650"><subfield code="a">Gerichts- und Verwaltungspraxis</subfield><subfield code="9">ger</subfield><subfield code="0">(RERO)jurivoc000009624ger</subfield><subfield code="2">jurivoc</subfield></datafield><datafield ind1=" " ind2="7" tag="650"><subfield code="a">richterliche Behörde</subfield><subfield code="9">ger</subfield><subfield code="0">(RERO)jurivoc000018932ger</subfield><subfield code="2">jurivoc</subfield></datafield><datafield ind1=" " ind2="7" tag="650"><subfield code="a">oberstes Gericht</subfield><subfield code="9">ger</subfield><subfield code="0">(RERO)jurivoc000016213ger</subfield><subfield code="2">jurivoc</subfield></datafield><datafield ind1=" " ind2="7" tag="650"><subfield code="a">eidgenössisches Versicherungsgericht</subfield><subfield code="9">ger</subfield><subfield code="0">(RERO)jurivoc000006259ger</subfield><subfield code="2">jurivoc</subfield></datafield><datafield ind1=" " ind2="7" tag="650"><subfield code="a">Rechtslage</subfield><subfield code="9">ger</subfield><subfield code="0">(RERO)jurivoc000050010ger</subfield><subfield code="2">jurivoc</subfield></datafield><datafield ind1=" " ind2="7" tag="650"><subfield code="a">Beruf</subfield><subfield code="9">ger</subfield><subfield code="0">(RERO)jurivoc000003291ger</subfield><subfield code="2">jurivoc</subfield></datafield><datafield ind1=" " ind2="7" tag="650"><subfield code="a">Zuständigkeit</subfield><subfield code="9">ger</subfield><subfield code="0">(RERO)jurivoc000027423ger</subfield><subfield code="2">jurivoc</subfield></datafield><datafield ind1=" " ind2="7" tag="650"><subfield code="a">medizinisches Gutachten</subfield><subfield code="9">ger</subfield><subfield code="0">(RERO)jurivoc000014825ger</subfield><subfield code="2">jurivoc</subfield></datafield><datafield ind1=" " ind2="7" tag="650"><subfield code="a">Weisung</subfield><subfield code="9">ger</subfield><subfield code="0">(RERO)jurivoc000026293ger</subfield><subfield code="2">jurivoc</subfield></datafield><datafield ind1=" " ind2="7" tag="650"><subfield code="a">Richtlinie(allgemein)</subfield><subfield code="9">ger</subfield><subfield code="0">(RERO)jurivoc000018951ger</subfield><subfield code="2">jurivoc</subfield></datafield><datafield ind1=" " ind2="7" tag="650"><subfield code="a">Rechtsnatur</subfield><subfield code="9">ger</subfield><subfield code="0">(RERO)jurivoc000018425ger</subfield><subfield code="2">jurivoc</subfield></datafield><datafield ind1=" " ind2="7" tag="650"><subfield code="a">Verbindlichkeit(allgemein)</subfield><subfield code="9">ger</subfield><subfield code="0">(RERO)jurivoc000024205ger</subfield><subfield code="2">jurivoc</subfield></datafield><datafield ind1=" " ind2="7" tag="650"><subfield code="a">Beweiskraft</subfield><subfield code="9">ger</subfield><subfield code="0">(RERO)jurivoc000003878ger</subfield><subfield code="2">jurivoc</subfield></datafield><datafield ind1=" " ind2="7" tag="651"><subfield code="a">Schweiz</subfield><subfield code="9">ger</subfield><subfield code="0">(RERO)jurivoc000019912ger</subfield><subfield code="2">jurivoc</subfield></datafield><datafield ind1="0" ind2=" " tag="773"><subfield code="t">Medizin und Sozialversicherung im Gespräch : Referate der Tagung vom 8./9. Juni 2005 in Luzern</subfield><subfield code="g">123</subfield><subfield code="w">(RERO)R004194546-41slsp</subfield></datafield></record>
</metadata></record>