<record><header><identifier>oai:alma.41SLSP_UGE:991000027719705502</identifier><datestamp>2023-03-04T01:29:06Z</datestamp><setSpec>uge_bcen_RapidILL_BOOK</setSpec><setSpec>uge_aaca_RapidILL_BOOK</setSpec><setSpec>uge_abels_RapidILL_BOOK</setSpec><setSpec>uge_dbu_RapidILL_BOOK</setSpec><setSpec>uge_cmu_RapidILL_BOOK</setSpec><setSpec>uge_mail_RapidILL_BOOK</setSpec><setSpec>uge_abbat_RapidILL_BOOK</setSpec><setSpec>UNIGE_ALL</setSpec><setSpec>uge_aobs_RapidILL_BOOK</setSpec><setSpec>uge_acar_RapidILL_BOOK</setSpec></header><metadata>
<record xmlns="http://www.loc.gov/MARC21/slim" xmlns:xsi="http://www.w3.org/2001/XMLSchema-instance" xsi:schemaLocation="http://www.loc.gov/MARC21/slim http://www.loc.gov/standards/marcxml/schema/MARC21slim.xsd"><leader>05323nam a2200757 c 4500</leader><controlfield tag="001">991000027719705502</controlfield><controlfield tag="005">20230303212321.0</controlfield><controlfield tag="008">201012s2016    xxu||||| |||| 00| ||eng d</controlfield><datafield ind1=" " ind2=" " tag="010"><subfield code="a">2015015193</subfield></datafield><datafield ind1=" " ind2=" " tag="020"><subfield code="a">0415747708</subfield><subfield code="q">hardback</subfield></datafield><datafield ind1=" " ind2=" " tag="020"><subfield code="z">9781315796918</subfield><subfield code="q">ebook</subfield></datafield><datafield ind1=" " ind2=" " tag="020"><subfield code="a">9780415747707</subfield><subfield code="q">hbk.</subfield><subfield code="c">£105.00</subfield></datafield><datafield ind1=" " ind2=" " tag="035"><subfield code="a">(swissbib)237820161-41slsp_network</subfield></datafield><datafield ind1=" " ind2=" " tag="035"><subfield code="a">237820161</subfield><subfield code="9">ExL</subfield></datafield><datafield ind1=" " ind2=" " tag="035"><subfield code="a">(RERO)R008253244-41slsp</subfield></datafield><datafield ind1=" " ind2=" " tag="035"><subfield code="a">(IDSBB)006415433DSV01</subfield></datafield><datafield ind1=" " ind2=" " tag="035"><subfield code="a">(IDSLU)001204601ILU01</subfield></datafield><datafield ind1=" " ind2=" " tag="035"><subfield code="a">(NEBIS)010526393EBI01</subfield></datafield><datafield ind1=" " ind2=" " tag="035"><subfield code="a">(OCoLC)907811387</subfield></datafield><datafield ind1=" " ind2=" " tag="035"><subfield code="a">(OCoLC)917372845</subfield></datafield><datafield ind1=" " ind2=" " tag="035"><subfield code="a">(EXLNZ-41SLSP_NETWORK)991073191509705501</subfield></datafield><datafield ind1=" " ind2=" " tag="040"><subfield code="a">DLC</subfield><subfield code="d">CH-ZuSLS</subfield></datafield><datafield ind1=" " ind2=" " tag="050"><subfield code="a">HC241</subfield><subfield code="b">.R68 2015</subfield></datafield><datafield ind1=" " ind2=" " tag="050"><subfield code="a">HB1-130</subfield></datafield><datafield ind1=" " ind2="7" tag="072"><subfield code="a">se</subfield><subfield code="2">rero</subfield></datafield><datafield ind1=" " ind2="7" tag="072"><subfield code="a">vw</subfield><subfield code="2">SzZuIDS BS/BE</subfield></datafield><datafield ind1=" " ind2="7" tag="072"><subfield code="a">172</subfield><subfield code="2">IDS LU</subfield></datafield><datafield ind1="0" ind2="4" tag="082"><subfield code="a">337.1/42</subfield><subfield code="2">23</subfield></datafield><datafield ind1="0" ind2="4" tag="082"><subfield code="a">338.94</subfield><subfield code="2">22</subfield></datafield><datafield ind1="1" ind2="4" tag="082"><subfield code="a">330</subfield><subfield code="2">15</subfield></datafield><datafield ind1=" " ind2=" " tag="084"><subfield code="a">MK 5020</subfield><subfield code="2">rvk</subfield></datafield><datafield ind1=" " ind2=" " tag="084"><subfield code="a">QM 430</subfield><subfield code="2">rvk</subfield></datafield><datafield ind1="0" ind2="0" tag="245"><subfield code="a">Routledge handbook of the economics of European integration</subfield><subfield code="c">edited by Harald Badinger and Volker Nitsch</subfield></datafield><datafield ind1="1" ind2=" " tag="246"><subfield code="a">Handbook of the economics of European integration</subfield></datafield><datafield ind1=" " ind2="1" tag="264"><subfield code="a">New York, NY</subfield><subfield code="b">Routledge</subfield><subfield code="c">2016</subfield></datafield><datafield ind1=" " ind2=" " tag="300"><subfield code="a">515 S.</subfield><subfield code="b">Ill.</subfield><subfield code="c">26 cm</subfield></datafield><datafield ind1=" " ind2=" " tag="336"><subfield code="b">txt</subfield><subfield code="2">rdacontent</subfield></datafield><datafield ind1=" " ind2=" " tag="337"><subfield code="b">n</subfield><subfield code="2">rdamedia</subfield></datafield><datafield ind1=" " ind2=" " tag="338"><subfield code="b">nc</subfield><subfield code="2">rdacarrier</subfield></datafield><datafield ind1="0" ind2=" " tag="490"><subfield code="a">Routledge international handbooks</subfield></datafield><datafield ind1="0" ind2=" " tag="505"><subfield code="a">History -- West european economic integration since 1950 (nicholas crafts) -- The history of European Economic and Monetary Union (Harold James) -- History of economic thought and policy-making at the European Commission (Ivo Maes) -- The single market and the euro -- The economics of the single market (Harry Flam) -- Factor movements : FDI (Bent Sørensen, Carolina Villegas-Sanchez) -- The euro as an international currency (Agnès Bénassy Quéré) -- Monetary and fiscal policy -- The common currency : more complicated than it seems (Charles Wyplosz) -- Design failures in the euro area : can they be fixed? (Paul de Grauwe) -- The credit channel of monetary policy in the euro area (Angela Maddaloni, Jose Peydro) -- Fiscal policy in the EU : an overview of recent and potential future developments (Roel Beetsma) -- The roles of fiscal rules, fiscal councils, and fiscal union in EU integration (Lars Calmfors) -- Trade issues -- European integration and the gains from trade (Gianmarco Ottaviano) -- The effects of european integration on the stability of international trade : a duration perspective (Tibor Besede) -- EU trade policy (André Sapir) -- The EU and the US : TTIP (Gabriel Felbermayr) -- The EU and the ACP countries (Ludger Kühnhardt) -- Selected policy areas -- Regional policy (Sascha Becker, Peter Egger,Max von Ehrlich) -- The common agricultural policy (Johan Swinnen) -- Labor and social policy (Giuseppe Bertola) -- Tax competition and tax coordination (Christian Keuschnigg, Simon Loretz, Hannes Winner) -- Financial market integration, regulation and stability (Angel Ubide) -- The crisis -- The crisis in retrospect : causes, effects, and policy responses (Fritz Breuss) -- Exceptional policies for exceptional times : the ECB's response to the rolling crises of the euro area (Lucrezia Reichlin, Huw Pill) -- Living (dangerously) without a fiscal union (Ashoka Mody) -- Reforming the architecture of EMU : ensuring stability in Europe (Jakob de Haan, Jeroen Hesseland, Niels Gilbert) -- Institutions -- The political economy of european integration (Enrico Spolaore) -- Efficiency, proportionality and member states : power in the EU council of Ministers (Nikolaos Antonakakis, Harald Badinger, Wolf Heinrich Reuter) -- Measuring european economic and institutional integration (Helge Berger, Volker Nitsch) -- The dynamics of European economic integration : a legal perspective (Erich vranes)</subfield></datafield><datafield ind1="2" ind2="7" tag="610"><subfield code="a">Union européenne</subfield><subfield code="0">(IDREF)032486324</subfield><subfield code="2">idref</subfield></datafield><datafield ind1="2" ind2="0" tag="610"><subfield code="a">European Union</subfield></datafield><datafield ind1="2" ind2="7" tag="610"><subfield code="a">Europäische Union</subfield><subfield code="0">(DE-588)5098525-5</subfield><subfield code="2">gnd</subfield></datafield><datafield ind1=" " ind2="7" tag="648"><subfield code="a">Geschichte</subfield><subfield code="2">gnd</subfield></datafield><datafield ind1=" " ind2="7" tag="650"><subfield code="a">Politique économique</subfield><subfield code="0">(IDREF)027479358</subfield><subfield code="2">idref</subfield></datafield><datafield ind1=" " ind2="7" tag="650"><subfield code="a">Politique monétaire</subfield><subfield code="0">(IDREF)027728382</subfield><subfield code="2">idref</subfield></datafield><datafield ind1=" " ind2="7" tag="650"><subfield code="a">Euro</subfield><subfield code="0">(IDREF)035818085</subfield><subfield code="2">idref</subfield></datafield><datafield ind1=" " ind2="0" tag="650"><subfield code="a">Financial services industry</subfield><subfield code="z">European Union countries</subfield><subfield code="x">History</subfield></datafield><datafield ind1=" " ind2="0" tag="650"><subfield code="a">Monetary policy</subfield><subfield code="z">European Union countries</subfield><subfield code="x">History</subfield></datafield><datafield ind1=" " ind2="7" tag="650"><subfield code="a">Wirtschaftliche Integration</subfield><subfield code="0">(DE-588)4066410-7</subfield><subfield code="2">gnd</subfield></datafield><datafield ind1=" " ind2="7" tag="650"><subfield code="a">Geldpolitik</subfield><subfield code="0">(DE-588)4019902-2</subfield><subfield code="2">gnd</subfield></datafield><datafield ind1=" " ind2="7" tag="650"><subfield code="a">Fiskalpolitik</subfield><subfield code="0">(DE-588)4071234-5</subfield><subfield code="2">gnd</subfield></datafield><datafield ind1=" " ind2="7" tag="650"><subfield code="a">Wirtschaftspolitik</subfield><subfield code="0">(DE-588)4066493-4</subfield><subfield code="2">gnd</subfield></datafield><datafield ind1=" " ind2="7" tag="651"><subfield code="a">Pays de l'Union européenne</subfield><subfield code="0">(IDREF)027260461</subfield><subfield code="2">idref</subfield></datafield><datafield ind1=" " ind2="7" tag="651"><subfield code="a">Europe</subfield><subfield code="x">Unité</subfield><subfield code="0">(IDREF)027495892</subfield><subfield code="2">idref</subfield></datafield><datafield ind1=" " ind2="0" tag="651"><subfield code="a">European Union countries</subfield><subfield code="x">Economic integration</subfield><subfield code="x">History</subfield></datafield><datafield ind1=" " ind2="0" tag="651"><subfield code="a">European Union countries</subfield><subfield code="x">Economic policy</subfield><subfield code="x">History</subfield></datafield><datafield ind1=" " ind2="7" tag="655"><subfield code="a">[Études diverses]</subfield><subfield code="0">(RERO)A022249905</subfield><subfield code="2">rero</subfield></datafield><datafield ind1=" " ind2="7" tag="655"><subfield code="a">Aufsatzsammlung</subfield><subfield code="2">gnd-content</subfield></datafield><datafield ind1="1" ind2=" " tag="700"><subfield code="a">Badinger, Harald</subfield><subfield code="0">(IDREF)190383666</subfield></datafield><datafield ind1="4" ind2=" " tag="856"><subfield code="3">Titelblatt und Inhaltsverzeichnis</subfield><subfield code="u">https://toc.library.ethz.ch/objects/pdf03/z01_978-0-415-74770-7_01.pdf</subfield><subfield code="q">pdf</subfield></datafield><datafield ind1=" " ind2=" " tag="900"><subfield code="a">REROnoselfmerge</subfield></datafield><datafield ind1=" " ind2=" " tag="900"><subfield code="a">IDSE5E51ANH-2016</subfield></datafield><datafield ind1=" " ind2=" " tag="900"><subfield code="a">IDSZ2zbzmon201511f</subfield><subfield code="c">IDSZ2sage</subfield><subfield code="d">IDSZ2zbzswk201511b</subfield><subfield code="e">IDSZ2stet</subfield></datafield><datafield ind1=" " ind2=" " tag="910"><subfield code="a">LOC</subfield><subfield code="b">20150915</subfield><subfield code="c">Droits réservés</subfield></datafield><datafield ind1=" " ind2=" " tag="949"><subfield code="a">https://toc.library.ethz.ch/objects/pdf03/z01_978-0-415-74770-7_01.pdf</subfield></datafield><datafield ind1=" " ind2=" " tag="961"><subfield code="2">gsi</subfield><subfield code="a">0(058)</subfield><subfield code="9">LOCAL</subfield></datafield></record>
</metadata></record>