<record><header><identifier>oai:alma.41SLSP_UGE:991000028449705502</identifier><datestamp>2023-03-01T01:09:08Z</datestamp><setSpec>uge_bcen_RapidILL_BOOK</setSpec><setSpec>uge_aaca_RapidILL_BOOK</setSpec><setSpec>uge_abels_RapidILL_BOOK</setSpec><setSpec>uge_dbu_RapidILL_BOOK</setSpec><setSpec>uge_cmu_RapidILL_BOOK</setSpec><setSpec>uge_mail_RapidILL_BOOK</setSpec><setSpec>UNIGE_ALL</setSpec><setSpec>uge_abbat_RapidILL_BOOK</setSpec><setSpec>uge_aobs_RapidILL_BOOK</setSpec><setSpec>uge_acar_RapidILL_BOOK</setSpec></header><metadata>
<record xmlns="http://www.loc.gov/MARC21/slim" xmlns:xsi="http://www.w3.org/2001/XMLSchema-instance" xsi:schemaLocation="http://www.loc.gov/MARC21/slim http://www.loc.gov/standards/marcxml/schema/MARC21slim.xsd"><leader>02214nam a2200433 c 4500</leader><controlfield tag="001">991000028449705502</controlfield><controlfield tag="005">20201230231746.0</controlfield><controlfield tag="008">201011s2003    xxu||||| |||| 10| ||eng d</controlfield><datafield ind1=" " ind2=" " tag="020"><subfield code="a">0821832034</subfield></datafield><datafield ind1=" " ind2=" " tag="035"><subfield code="a">(swissbib)227194233-41slsp_network</subfield></datafield><datafield ind1=" " ind2=" " tag="035"><subfield code="a">227194233</subfield><subfield code="9">ExL</subfield></datafield><datafield ind1=" " ind2=" " tag="035"><subfield code="a">(RERO)R003416641-41slsp</subfield></datafield><datafield ind1=" " ind2=" " tag="035"><subfield code="a">(NEBIS)004594523EBI01</subfield></datafield><datafield ind1=" " ind2=" " tag="035"><subfield code="a">(EXLNZ-41SLSP_NETWORK)991097966839705501</subfield></datafield><datafield ind1=" " ind2=" " tag="040"><subfield code="a">RERO geussm</subfield><subfield code="d">CH-ZuSLS</subfield></datafield><datafield ind1=" " ind2="7" tag="072"><subfield code="a">ma</subfield><subfield code="2">rero</subfield></datafield><datafield ind1=" " ind2=" " tag="084"><subfield code="a">35</subfield><subfield code="2">msc</subfield></datafield><datafield ind1="0" ind2="0" tag="245"><subfield code="a">Recent developments in integrable systems and Riemann-Hilbert problems</subfield><subfield code="b">AMS Special Session Integrable Systems and Riemann-Hibert Problems, November 10-12, 2000, University of Alabama, Birmingham, Alabama</subfield><subfield code="c">Kenneth D. T-R- McLaughlin, Xin Zhou, ed.</subfield></datafield><datafield ind1=" " ind2="1" tag="264"><subfield code="a">Providence R.I.</subfield><subfield code="b">American Mathematical Society</subfield><subfield code="c">[2003]</subfield></datafield><datafield ind1=" " ind2="4" tag="264"><subfield code="c">© 2003</subfield></datafield><datafield ind1=" " ind2=" " tag="300"><subfield code="a">VII, 185 p.</subfield><subfield code="b">ill.</subfield><subfield code="c">26 cm</subfield></datafield><datafield ind1=" " ind2=" " tag="336"><subfield code="b">txt</subfield><subfield code="2">rdacontent</subfield></datafield><datafield ind1=" " ind2=" " tag="337"><subfield code="b">n</subfield><subfield code="2">rdamedia</subfield></datafield><datafield ind1=" " ind2=" " tag="338"><subfield code="b">nc</subfield><subfield code="2">rdacarrier</subfield></datafield><datafield ind1="1" ind2=" " tag="490"><subfield code="a">Contemporary mathematics</subfield><subfield code="v">326</subfield></datafield><datafield ind1=" " ind2=" " tag="500"><subfield code="a">Congrès de mathématiques. Birmingham, Ala. 2000</subfield></datafield><datafield ind1=" " ind2="7" tag="650"><subfield code="a">DIFFERENTIAL- UND INTEGRALGLEICHUNGEN DER MATHEMATISCHEN PHYSIK (ANALYSIS)</subfield><subfield code="9">ger</subfield><subfield code="0">(ETHUDK)000013384</subfield><subfield code="2">ethudk</subfield></datafield><datafield ind1=" " ind2="7" tag="650"><subfield code="a">DYNAMISCHE SYSTEME (ANALYSIS)</subfield><subfield code="9">ger</subfield><subfield code="0">(ETHUDK)000013352</subfield><subfield code="2">ethudk</subfield></datafield><datafield ind1=" " ind2="7" tag="650"><subfield code="a">SPEKTRALTHEORIE LINEARER OPERATOREN (FUNKTIONALANALYSIS)</subfield><subfield code="9">ger</subfield><subfield code="0">(ETHUDK)000013464</subfield><subfield code="2">ethudk</subfield></datafield><datafield ind1=" " ind2="7" tag="650"><subfield code="a">SPEZIELLE STOCHASTISCHE PROZESSE (WAHRSCHEINLICHKEITSRECHNUNG)</subfield><subfield code="9">ger</subfield><subfield code="0">(ETHUDK)000013555</subfield><subfield code="2">ethudk</subfield></datafield><datafield ind1=" " ind2="7" tag="650"><subfield code="a">ZUFALLSMATRIZEN (WAHRSCHEINLICHKEITSRECHNUNG)</subfield><subfield code="9">ger</subfield><subfield code="0">(ETHUDK)000052053</subfield><subfield code="2">ethudk</subfield></datafield><datafield ind1=" " ind2="7" tag="655"><subfield code="a">Konferenzschrift</subfield><subfield code="z">Birmingham (AL)</subfield><subfield code="y">2000</subfield><subfield code="2">gnd-content</subfield></datafield><datafield ind1="1" ind2=" " tag="700"><subfield code="a">McLaughlin, Kenneth D. T.-R.</subfield></datafield><datafield ind1="1" ind2=" " tag="700"><subfield code="a">McLaughlin, Kenneth T-R</subfield><subfield code="d">1969-....</subfield><subfield code="0">(IDREF)077740769</subfield></datafield><datafield ind1="2" ind2=" " tag="710"><subfield code="a">American Mathematical Society</subfield><subfield code="0">(DE-588)6924-3</subfield></datafield><datafield ind1="2" ind2=" " tag="711"><subfield code="a">AMS Special Session Integrable Systems and Riemann-Hilbert Problems</subfield><subfield code="0">(DE-588)109231332X</subfield></datafield><datafield ind1="2" ind2=" " tag="711"><subfield code="a">AMS special session integrable systems and Riemann-Hilbert problems</subfield><subfield code="d">2000</subfield><subfield code="c">Université d'Alabama, Ala.</subfield><subfield code="0">(IDREF)225267225</subfield></datafield><datafield ind1=" " ind2=" " tag="830"><subfield code="a">Contemporary mathematics</subfield><subfield code="p">American Mathematical Society</subfield><subfield code="v">326</subfield><subfield code="w">(RERO)0588732-41slsp</subfield></datafield><datafield ind1=" " ind2=" " tag="830"><subfield code="a">Contemporary mathematics</subfield><subfield code="v">326</subfield><subfield code="w">(NEBIS)000016372EBI01</subfield></datafield><datafield ind1=" " ind2=" " tag="900"><subfield code="a">REROnoselfmerge</subfield></datafield></record>
</metadata></record>