<record><header><identifier>oai:alma.41SLSP_UGE:991000028159705502</identifier><datestamp>2023-03-01T01:09:08Z</datestamp><setSpec>uge_bcen_RapidILL_BOOK</setSpec><setSpec>uge_aaca_RapidILL_BOOK</setSpec><setSpec>uge_abels_RapidILL_BOOK</setSpec><setSpec>uge_dbu_RapidILL_BOOK</setSpec><setSpec>uge_cmu_RapidILL_BOOK</setSpec><setSpec>uge_mail_RapidILL_BOOK</setSpec><setSpec>UNIGE_ALL</setSpec><setSpec>uge_abbat_RapidILL_BOOK</setSpec><setSpec>uge_aobs_RapidILL_BOOK</setSpec><setSpec>uge_acar_RapidILL_BOOK</setSpec></header><metadata>
<record xmlns="http://www.loc.gov/MARC21/slim" xmlns:xsi="http://www.w3.org/2001/XMLSchema-instance" xsi:schemaLocation="http://www.loc.gov/MARC21/slim http://www.loc.gov/standards/marcxml/schema/MARC21slim.xsd"><leader>01820nam a2200325 c 4500</leader><controlfield tag="001">991000028159705502</controlfield><controlfield tag="005">20230121200222.0</controlfield><controlfield tag="008">870202r19851927gw ||||| |||| 00| ||rus d</controlfield><datafield ind1=" " ind2=" " tag="035"><subfield code="a">(swissbib)081460112-41slsp_network</subfield></datafield><datafield ind1=" " ind2=" " tag="035"><subfield code="a">081460112</subfield><subfield code="9">ExL</subfield></datafield><datafield ind1=" " ind2=" " tag="035"><subfield code="a">(RERO)0802174-41slsp</subfield></datafield><datafield ind1=" " ind2=" " tag="035"><subfield code="a">(EXLNZ-41SLSP_NETWORK)991150137369705501</subfield></datafield><datafield ind1=" " ind2=" " tag="040"><subfield code="a">RERO labcud</subfield><subfield code="d">CH-ZuSLS</subfield></datafield><datafield ind1=" " ind2="7" tag="072"><subfield code="a">ru</subfield><subfield code="2">rero</subfield></datafield><datafield ind1="1" ind2=" " tag="100"><subfield code="6">880-01</subfield><subfield code="a">Voronskiï, Aleksandr Konstantinovitch</subfield><subfield code="d">1884-1937</subfield><subfield code="0">(IDREF)050384449</subfield><subfield code="4">cre</subfield></datafield><datafield ind1="1" ind2=" " tag="880"><subfield code="6">100-01/(N</subfield><subfield code="a">Воронский, Александр Константинович</subfield></datafield><datafield ind1="1" ind2="0" tag="245"><subfield code="6">880-02</subfield><subfield code="a">Literaturnye tipy</subfield><subfield code="c">A. Voronskiĭ</subfield></datafield><datafield ind1="1" ind2="0" tag="880"><subfield code="6">245-02/(N</subfield><subfield code="a">Литературные типы</subfield><subfield code="c">А. Воронский</subfield></datafield><datafield ind1="1" ind2=" " tag="246"><subfield code="a">Literaturnye tipy / A. Voronskij</subfield></datafield><datafield ind1=" " ind2=" " tag="250"><subfield code="6">880-03</subfield><subfield code="a">2oe izd., dopolnennoe</subfield></datafield><datafield ind1=" " ind2=" " tag="880"><subfield code="6">250-03/(N</subfield><subfield code="a">2ое изд., дополненное</subfield></datafield><datafield ind1=" " ind2="1" tag="264"><subfield code="a">Leipzig</subfield><subfield code="b">Zentralantiquariat der Deutschen Demokratischen Republik</subfield><subfield code="c">1985</subfield></datafield><datafield ind1=" " ind2=" " tag="300"><subfield code="a">267 p.</subfield><subfield code="c">22 cm</subfield></datafield><datafield ind1=" " ind2=" " tag="336"><subfield code="b">txt</subfield><subfield code="2">rdacontent</subfield></datafield><datafield ind1=" " ind2=" " tag="337"><subfield code="b">n</subfield><subfield code="2">rdamedia</subfield></datafield><datafield ind1=" " ind2=" " tag="338"><subfield code="b">nc</subfield><subfield code="2">rdacarrier</subfield></datafield><datafield ind1=" " ind2=" " tag="534"><subfield code="6">880-04</subfield><subfield code="p">Reprod. de l'éd. de:</subfield><subfield code="c">Moskva : Krug, 1927</subfield></datafield><datafield ind1=" " ind2=" " tag="880"><subfield code="6">534-04/(N</subfield><subfield code="p">Reprod. de l'éd. de:</subfield><subfield code="c">Москва : Круг, 1927</subfield></datafield><datafield ind1=" " ind2="7" tag="650"><subfield code="a">Littérature russe</subfield><subfield code="0">(IDREF)027275752</subfield><subfield code="2">idref</subfield></datafield><datafield ind1=" " ind2="7" tag="650"><subfield code="a">20e siècle</subfield><subfield code="0">(IDREF)086305646</subfield><subfield code="2">idref</subfield></datafield><datafield ind1=" " ind2=" " tag="900"><subfield code="a">REROnoselfmerge</subfield></datafield></record>
</metadata></record>