<record><header><identifier>oai:alma.41SLSP_UGE:991000028669705502</identifier><datestamp>2023-03-06T01:11:49Z</datestamp><setSpec>uge_bcen_RapidILL_BOOK</setSpec><setSpec>uge_aaca_RapidILL_BOOK</setSpec><setSpec>uge_abels_RapidILL_BOOK</setSpec><setSpec>uge_dbu_RapidILL_BOOK</setSpec><setSpec>uge_cmu_RapidILL_BOOK</setSpec><setSpec>uge_mail_RapidILL_BOOK</setSpec><setSpec>uge_abbat_RapidILL_BOOK</setSpec><setSpec>UNIGE_ALL</setSpec><setSpec>uge_acar_RapidILL_BOOK</setSpec><setSpec>uge_aobs_RapidILL_BOOK</setSpec></header><metadata>
<record xmlns="http://www.loc.gov/MARC21/slim" xmlns:xsi="http://www.w3.org/2001/XMLSchema-instance" xsi:schemaLocation="http://www.loc.gov/MARC21/slim http://www.loc.gov/standards/marcxml/schema/MARC21slim.xsd"><leader>01757nam a2200421 c 4500</leader><controlfield tag="001">991000028669705502</controlfield><controlfield tag="005">20230305084314.0</controlfield><controlfield tag="008">000718s1984    fr ||||| |||| 00| ||fre d</controlfield><datafield ind1=" " ind2=" " tag="020"><subfield code="z">2857441763</subfield></datafield><datafield ind1="7" ind2=" " tag="024"><subfield code="a">http://catalogue.bnf.fr/ark:/12148/cb36953067s</subfield><subfield code="2">uri</subfield></datafield><datafield ind1=" " ind2=" " tag="035"><subfield code="a">(swissbib)080465943-41slsp_network</subfield></datafield><datafield ind1=" " ind2=" " tag="035"><subfield code="a">080465943</subfield><subfield code="9">ExL</subfield></datafield><datafield ind1=" " ind2=" " tag="035"><subfield code="a">(RERO)0666130-41slsp</subfield></datafield><datafield ind1=" " ind2=" " tag="035"><subfield code="a">(EXLNZ-41SLSP_NETWORK)991047342329705501</subfield></datafield><datafield ind1=" " ind2=" " tag="040"><subfield code="a">RERO labcur</subfield><subfield code="d">CH-ZuSLS</subfield></datafield><datafield ind1="0" ind2=" " tag="041"><subfield code="a">fre</subfield><subfield code="a">tmh</subfield></datafield><datafield ind1=" " ind2="7" tag="072"><subfield code="a">di</subfield><subfield code="2">rero</subfield></datafield><datafield ind1="0" ind2="0" tag="245"><subfield code="a">Textes touaregs en prose</subfield><subfield code="c">de Charles de Foucauld et A. de Calassanti-Motylinski</subfield></datafield><datafield ind1=" " ind2=" " tag="250"><subfield code="a">Ed. critique avec trad.</subfield><subfield code="b">par Salem Chaker, Hélène Claudot, Marceau Gast, élaborée à partir des Archives de Foucauld</subfield></datafield><datafield ind1=" " ind2="1" tag="264"><subfield code="a">Aix-en-Provence</subfield><subfield code="b">Edisud</subfield><subfield code="c">1984</subfield></datafield><datafield ind1=" " ind2=" " tag="300"><subfield code="a">359 p.</subfield><subfield code="b">ill.</subfield><subfield code="c">25 cm</subfield></datafield><datafield ind1=" " ind2=" " tag="336"><subfield code="b">txt</subfield><subfield code="2">rdacontent</subfield></datafield><datafield ind1=" " ind2=" " tag="337"><subfield code="b">n</subfield><subfield code="2">rdamedia</subfield></datafield><datafield ind1=" " ind2=" " tag="338"><subfield code="b">nc</subfield><subfield code="2">rdacarrier</subfield></datafield><datafield ind1="1" ind2=" " tag="490"><subfield code="a">Collection monde berbère</subfield></datafield><datafield ind1=" " ind2=" " tag="500"><subfield code="a">Texte touareg et trad. française en regard</subfield></datafield><datafield ind1="4" ind2=" " tag="510"><subfield code="a">Awal (Paris) ; (1987) 3, p. 227-232 (André Bourgeot)</subfield></datafield><datafield ind1=" " ind2="7" tag="650"><subfield code="a">vie quotidienne</subfield><subfield code="0">(RERO)A010036329</subfield><subfield code="2">rerovoc</subfield></datafield><datafield ind1=" " ind2="7" tag="650"><subfield code="a">mode de subsistance</subfield><subfield code="0">(RERO)A010009804</subfield><subfield code="2">rerovoc</subfield></datafield><datafield ind1=" " ind2="7" tag="650"><subfield code="a">tradition orale africaine</subfield><subfield code="0">(RERO)A010159687</subfield><subfield code="2">rerovoc</subfield></datafield><datafield ind1=" " ind2="7" tag="650"><subfield code="a">Kel Ahaggar (peuple)</subfield><subfield code="0">(RERO)A009999497</subfield><subfield code="2">rerovoc</subfield></datafield><datafield ind1=" " ind2="7" tag="650"><subfield code="a">Ethnologie</subfield><subfield code="0">(IDREF)02729661X</subfield><subfield code="2">idref</subfield></datafield><datafield ind1=" " ind2="7" tag="650"><subfield code="a">Touaregs (peuple berbère)</subfield><subfield code="0">(IDREF)02725321X</subfield><subfield code="2">idref</subfield></datafield><datafield ind1=" " ind2="7" tag="651"><subfield code="a">Hoggar (Algérie ; massif)</subfield><subfield code="0">(IDREF)027234169</subfield><subfield code="2">idref</subfield></datafield><datafield ind1="1" ind2=" " tag="700"><subfield code="a">Charles de Foucauld</subfield><subfield code="c">saint</subfield><subfield code="d">1858-1916</subfield><subfield code="0">(IDREF)02732026X</subfield></datafield><datafield ind1="1" ind2=" " tag="700"><subfield code="a">Chaker, Salem</subfield><subfield code="d">1950-....</subfield><subfield code="0">(IDREF)026776189</subfield></datafield><datafield ind1="1" ind2=" " tag="700"><subfield code="a">Calassanti-Motylinski, Adolphe de</subfield><subfield code="0">(RERO)A003069499</subfield></datafield><datafield ind1=" " ind2=" " tag="830"><subfield code="a">Collection monde berbère</subfield><subfield code="w">(RERO)0674611-41slsp</subfield></datafield><datafield ind1=" " ind2=" " tag="900"><subfield code="a">REROnoselfmerge</subfield></datafield></record>
</metadata></record>