<record><header><identifier>oai:alma.41SLSP_UGE:991000028589705502</identifier><datestamp>2023-06-26T00:15:54Z</datestamp><setSpec>UNIGE_ALL</setSpec></header><metadata>
<record xmlns="http://www.loc.gov/MARC21/slim" xmlns:xsi="http://www.w3.org/2001/XMLSchema-instance" xsi:schemaLocation="http://www.loc.gov/MARC21/slim http://www.loc.gov/standards/marcxml/schema/MARC21slim.xsd"><leader>02199ngm a2200373 c 4500</leader><controlfield tag="001">991000028589705502</controlfield><controlfield tag="005">20230625102859.0</controlfield><controlfield tag="007">vd |v||||</controlfield><controlfield tag="008">100722s2010    fr ||| |          v|fre d</controlfield><datafield ind1=" " ind2=" " tag="035"><subfield code="a">(swissbib)110635574-41slsp_network</subfield></datafield><datafield ind1=" " ind2=" " tag="035"><subfield code="a">110635574</subfield><subfield code="9">ExL</subfield></datafield><datafield ind1=" " ind2=" " tag="035"><subfield code="a">(RERO)R005494344-41slsp</subfield></datafield><datafield ind1=" " ind2=" " tag="035"><subfield code="a">(EXLNZ-41SLSP_NETWORK)991009861479705501</subfield></datafield><datafield ind1=" " ind2=" " tag="040"><subfield code="a">RERO geumem</subfield><subfield code="d">CH-ZuSLS</subfield></datafield><datafield ind1=" " ind2="7" tag="072"><subfield code="a">se</subfield><subfield code="2">rero</subfield></datafield><datafield ind1="0" ind2="0" tag="245"><subfield code="a">Katanga, la guerre du cuivre</subfield><subfield code="c">un film de Thierry Michel</subfield></datafield><datafield ind1=" " ind2="1" tag="264"><subfield code="a">[Lieu de publication non identifié]</subfield><subfield code="b">Les Films de la Passerelle</subfield><subfield code="b">Les Films d'Ici</subfield><subfield code="b">RTBF [etc.] [prod.]</subfield><subfield code="c">2010</subfield></datafield><datafield ind1=" " ind2=" " tag="300"><subfield code="a">1 DVD-R (91 min)</subfield></datafield><datafield ind1=" " ind2=" " tag="336"><subfield code="b">tdi</subfield><subfield code="2">rdacontent</subfield></datafield><datafield ind1=" " ind2=" " tag="337"><subfield code="b">v</subfield><subfield code="2">rdamedia</subfield></datafield><datafield ind1=" " ind2=" " tag="338"><subfield code="b">vd</subfield><subfield code="2">rdacarrier</subfield></datafield><datafield ind1=" " ind2=" " tag="500"><subfield code="a">Diffusé sur Arte, le 25 juin 2010</subfield></datafield><datafield ind1=" " ind2=" " tag="500"><subfield code="a">Version reactualisée de &quot;Katanga business&quot;</subfield></datafield><datafield ind1=" " ind2=" " tag="500"><subfield code="a">Zone 2</subfield></datafield><datafield ind1="8" ind2=" " tag="520"><subfield code="a">La province du Katanga, située au sud-est de la République Démocratique du Congo (RDC), est l'une des plus riches régions du monde en ressources minières. Elle produit du cuivre et du cobalt, mais aussi de l'uranium et d'autres minerais stratégiques. Pourtant, la population du Katanga continue de vivre dans une pauvreté extrême, tandis que des multinationales s'y implantent à toute vitesse. Aujourd'hui, de nouvelles mines sont creusées dans toute la province pour exploiter au plus vite ces ressources indispensables au développement technologique des pays occidentaux, et de l'Asie. Les minerais de ce nouvel eldorado sortent en grande partie frauduleusement du pays, à destination principale de la Chine, en manque crucial de matières premières</subfield><subfield code="5">RERO/njhep-/09.2011</subfield></datafield><datafield ind1=" " ind2="7" tag="650"><subfield code="a">Cuivre</subfield><subfield code="0">(IDREF)027426629</subfield><subfield code="2">idref</subfield></datafield><datafield ind1=" " ind2="7" tag="650"><subfield code="a">Entreprises multinationales</subfield><subfield code="0">(IDREF)027261166</subfield><subfield code="2">idref</subfield></datafield><datafield ind1=" " ind2="7" tag="650"><subfield code="a">Industrie</subfield><subfield code="0">(IDREF)027790215</subfield><subfield code="2">idref</subfield></datafield><datafield ind1=" " ind2="7" tag="650"><subfield code="a">Conditions sociales</subfield><subfield code="0">(IDREF)02766435X</subfield><subfield code="2">idref</subfield></datafield><datafield ind1=" " ind2="7" tag="650"><subfield code="a">Mondialisation</subfield><subfield code="0">(IDREF)03500407X</subfield><subfield code="2">idref</subfield></datafield><datafield ind1=" " ind2="7" tag="650"><subfield code="a">Mines (sites d'extraction)</subfield><subfield code="0">(IDREF)027296458</subfield><subfield code="2">idref</subfield></datafield><datafield ind1=" " ind2="7" tag="650"><subfield code="a">Minerais</subfield><subfield code="0">(IDREF)027507440</subfield><subfield code="2">idref</subfield></datafield><datafield ind1=" " ind2="7" tag="651"><subfield code="a">Katanga (Congo, République démocratique)</subfield><subfield code="0">(IDREF)203635981</subfield><subfield code="2">idref</subfield></datafield><datafield ind1=" " ind2="7" tag="655"><subfield code="a">DVD</subfield><subfield code="2">idref</subfield><subfield code="0">(IDREF)035108444</subfield></datafield><datafield ind1="1" ind2=" " tag="700"><subfield code="a">Michel, Thierry</subfield><subfield code="c">réalisateur</subfield><subfield code="0">(RERO)A003592091</subfield></datafield></record>
</metadata></record>