<record><header><identifier>oai:alma.41SLSP_UGE:991000028269705502</identifier><datestamp>2023-04-09T00:44:52Z</datestamp><setSpec>uge_bcen_RapidILL_BOOK</setSpec><setSpec>uge_aaca_RapidILL_BOOK</setSpec><setSpec>uge_abels_RapidILL_BOOK</setSpec><setSpec>uge_dbu_RapidILL_BOOK</setSpec><setSpec>uge_cmu_RapidILL_BOOK</setSpec><setSpec>uge_mail_RapidILL_BOOK</setSpec><setSpec>UNIGE_ALL</setSpec><setSpec>uge_abbat_RapidILL_BOOK</setSpec><setSpec>uge_acar_RapidILL_BOOK</setSpec><setSpec>uge_aobs_RapidILL_BOOK</setSpec></header><metadata>
<record xmlns="http://www.loc.gov/MARC21/slim" xmlns:xsi="http://www.w3.org/2001/XMLSchema-instance" xsi:schemaLocation="http://www.loc.gov/MARC21/slim http://www.loc.gov/standards/marcxml/schema/MARC21slim.xsd"><leader>02573nam a2200589 c 4500</leader><controlfield tag="001">991000028269705502</controlfield><controlfield tag="005">20230408062744.0</controlfield><controlfield tag="008">201011s2009    xxu||||| |||| 00| ||eng d</controlfield><datafield ind1=" " ind2=" " tag="020"><subfield code="a">9780891813729</subfield></datafield><datafield ind1=" " ind2=" " tag="020"><subfield code="a">0891813721</subfield></datafield><datafield ind1=" " ind2=" " tag="020"><subfield code="z">9180891813729</subfield></datafield><datafield ind1=" " ind2=" " tag="035"><subfield code="a">(swissbib)224099906-41slsp_network</subfield></datafield><datafield ind1=" " ind2=" " tag="035"><subfield code="a">224099906</subfield><subfield code="9">ExL</subfield></datafield><datafield ind1=" " ind2=" " tag="035"><subfield code="a">(RERO)R005974093-41slsp</subfield></datafield><datafield ind1=" " ind2=" " tag="035"><subfield code="a">(IDSBB)006618992DSV01</subfield></datafield><datafield ind1=" " ind2=" " tag="035"><subfield code="a">(NEBIS)005939126EBI01</subfield></datafield><datafield ind1=" " ind2=" " tag="035"><subfield code="a">(OCoLC)464240672</subfield></datafield><datafield ind1=" " ind2=" " tag="035"><subfield code="a">(EXLNZ-41SLSP_NETWORK)991029996299705501</subfield></datafield><datafield ind1=" " ind2=" " tag="040"><subfield code="a">RERO lausst</subfield><subfield code="d">CH-ZuSLS</subfield></datafield><datafield ind1=" " ind2="7" tag="072"><subfield code="a">st</subfield><subfield code="2">rero</subfield></datafield><datafield ind1=" " ind2="7" tag="072"><subfield code="a">ge</subfield><subfield code="2">SzZuIDS BS/BE</subfield></datafield><datafield ind1="0" ind2="0" tag="082"><subfield code="a">553.2/8</subfield><subfield code="2">23</subfield></datafield><datafield ind1=" " ind2=" " tag="084"><subfield code="a">TZ 7700</subfield><subfield code="2">rvk</subfield></datafield><datafield ind1="1" ind2=" " tag="100"><subfield code="a">Shepherd, Mike</subfield><subfield code="0">(IDREF)147301262</subfield><subfield code="4">cre</subfield></datafield><datafield ind1="1" ind2="0" tag="245"><subfield code="a">Oil field production geology</subfield><subfield code="c">by Mike Shepherd</subfield></datafield><datafield ind1=" " ind2="1" tag="264"><subfield code="a">Tulsa, Okla.</subfield><subfield code="b">American Association of Petroleum Geologists</subfield><subfield code="c">2009</subfield></datafield><datafield ind1=" " ind2=" " tag="300"><subfield code="a">350 Seiten</subfield><subfield code="b">Illustrationen</subfield></datafield><datafield ind1=" " ind2=" " tag="336"><subfield code="b">txt</subfield><subfield code="2">rdacontent</subfield></datafield><datafield ind1=" " ind2=" " tag="337"><subfield code="b">n</subfield><subfield code="2">rdamedia</subfield></datafield><datafield ind1=" " ind2=" " tag="338"><subfield code="b">nc</subfield><subfield code="2">rdacarrier</subfield></datafield><datafield ind1="1" ind2=" " tag="490"><subfield code="a">AAPG memoir</subfield><subfield code="v">91</subfield></datafield><datafield ind1=" " ind2=" " tag="504"><subfield code="a">Includes bibliographical references (p. 315-338) and index</subfield></datafield><datafield ind1=" " ind2="7" tag="650"><subfield code="a">Erdöllagerstätte</subfield><subfield code="0">(DE-588)4125182-9</subfield><subfield code="2">gnd</subfield></datafield><datafield ind1=" " ind2="7" tag="650"><subfield code="a">Geologie</subfield><subfield code="0">(DE-588)4020227-6</subfield><subfield code="2">gnd</subfield></datafield><datafield ind1=" " ind2="7" tag="650"><subfield code="a">Erdölgeologie</subfield><subfield code="0">(DE-588)4152692-2</subfield><subfield code="2">gnd</subfield></datafield><datafield ind1=" " ind2="7" tag="650"><subfield code="a">Erdölgewinnung</subfield><subfield code="0">(DE-588)4139144-5</subfield><subfield code="2">gnd</subfield></datafield><datafield ind1=" " ind2="7" tag="650"><subfield code="a">Lagerstättenkunde</subfield><subfield code="0">(DE-588)4140085-9</subfield><subfield code="2">gnd</subfield></datafield><datafield ind1=" " ind2="0" tag="650"><subfield code="a">Oil fields</subfield></datafield><datafield ind1=" " ind2="0" tag="650"><subfield code="a">Oil fields</subfield><subfield code="x">Production methods</subfield></datafield><datafield ind1=" " ind2="0" tag="650"><subfield code="a">Oil reservoir engineering</subfield></datafield><datafield ind1=" " ind2="0" tag="650"><subfield code="a">Petroleum</subfield><subfield code="x">Geology</subfield></datafield><datafield ind1=" " ind2="7" tag="650"><subfield code="a">ENTÖLUNG DER LAGERSTÄTTE (BERGBAU)</subfield><subfield code="9">ger</subfield><subfield code="0">(ETHUDK)000029457</subfield><subfield code="2">ethudk</subfield></datafield><datafield ind1=" " ind2="7" tag="650"><subfield code="a">ERDÖL- UND ERDGASFELDER, VORRATSSCHÄTZUNG (BERGBAU)</subfield><subfield code="9">ger</subfield><subfield code="0">(ETHUDK)000055169</subfield><subfield code="2">ethudk</subfield></datafield><datafield ind1=" " ind2="7" tag="650"><subfield code="a">LITHOSTRATIGRAPHIE</subfield><subfield code="9">ger</subfield><subfield code="0">(ETHUDK)000020459</subfield><subfield code="2">ethudk</subfield></datafield><datafield ind1=" " ind2="7" tag="650"><subfield code="a">PETROLEUM + ERDÖL + STEINÖL + NAPHTHA (PETROGRAPHIE)</subfield><subfield code="9">ger</subfield><subfield code="0">(ETHUDK)000020615</subfield><subfield code="2">ethudk</subfield></datafield><datafield ind1=" " ind2="7" tag="650"><subfield code="a">RESERVOIR-SEDIMENTOLOGIE (ABLAGERUNGSMILIEU)</subfield><subfield code="9">ger</subfield><subfield code="0">(ETHUDK)000046164</subfield><subfield code="2">ethudk</subfield></datafield><datafield ind1=" " ind2="7" tag="650"><subfield code="a">STRATIGRAPHISCHE KORRELATION</subfield><subfield code="9">ger</subfield><subfield code="0">(ETHUDK)000020456</subfield><subfield code="2">ethudk</subfield></datafield><datafield ind1="4" ind2=" " tag="856"><subfield code="3">Titelblatt und Inhaltsverzeichnis</subfield><subfield code="u">https://toc.library.ethz.ch/objects/pdf/e04_978-0-89181-372-9_01.pdf</subfield><subfield code="q">pdf</subfield></datafield><datafield ind1="4" ind2=" " tag="856"><subfield code="3">Abstract / Autoreninformation</subfield><subfield code="u">https://toc.library.ethz.ch/objects/pdf/e04_978-0-89181-372-9_02.pdf</subfield><subfield code="q">pdf</subfield></datafield><datafield ind1=" " ind2="0" tag="830"><subfield code="a">AAPG memoir</subfield><subfield code="v">91</subfield><subfield code="w">(RERO)0965921-41slsp</subfield></datafield><datafield ind1=" " ind2="0" tag="830"><subfield code="a">AAPG memoir</subfield><subfield code="v">91</subfield><subfield code="w">(IDSBB)000000546DSV01</subfield></datafield><datafield ind1=" " ind2=" " tag="949"><subfield code="a">https://toc.library.ethz.ch/objects/pdf/e04_978-0-89181-372-9_01.pdf</subfield></datafield><datafield ind1=" " ind2=" " tag="949"><subfield code="a">https://toc.library.ethz.ch/objects/pdf/e04_978-0-89181-372-9_02.pdf</subfield></datafield></record>
</metadata></record>