<record><header><identifier>oai:alma.41SLSP_UGE:991000027749705502</identifier><datestamp>2024-04-11T00:14:33Z</datestamp><setSpec>uge_bcen_RapidILL_BOOK</setSpec><setSpec>uge_aaca_RapidILL_BOOK</setSpec><setSpec>uge_abels_RapidILL_BOOK</setSpec><setSpec>uge_dbu_RapidILL_BOOK</setSpec><setSpec>uge_cmu_RapidILL_BOOK</setSpec><setSpec>uge_mail_RapidILL_BOOK</setSpec><setSpec>uge_abbat_RapidILL_BOOK</setSpec><setSpec>UNIGE_ALL</setSpec><setSpec>uge_aobs_RapidILL_BOOK</setSpec><setSpec>uge_acar_RapidILL_BOOK</setSpec></header><metadata>
<record xmlns="http://www.loc.gov/MARC21/slim" xmlns:xsi="http://www.w3.org/2001/XMLSchema-instance" xsi:schemaLocation="http://www.loc.gov/MARC21/slim http://www.loc.gov/standards/marcxml/schema/MARC21slim.xsd"><leader>06299nam a2200829 c 4500</leader><controlfield tag="001">991000027749705502</controlfield><controlfield tag="005">20240410142444.0</controlfield><controlfield tag="008">201011s2008    gw       l    00| | ger  </controlfield><datafield ind1=" " ind2=" " tag="020"><subfield code="a">9783037510933</subfield><subfield code="c">CHF 68.00</subfield></datafield><datafield ind1=" " ind2=" " tag="035"><subfield code="a">(swissbib)211700452-41slsp_network</subfield></datafield><datafield ind1=" " ind2=" " tag="035"><subfield code="a">211700452</subfield><subfield code="9">ExL</subfield></datafield><datafield ind1=" " ind2=" " tag="035"><subfield code="a">(IDSLU)000566049ILU01</subfield></datafield><datafield ind1=" " ind2=" " tag="035"><subfield code="a">(RERO)R004730143-41slsp</subfield></datafield><datafield ind1=" " ind2=" " tag="035"><subfield code="a">(IDSBB)004526409DSV01</subfield></datafield><datafield ind1=" " ind2=" " tag="035"><subfield code="a">(IDSSG)000460297HSB01</subfield></datafield><datafield ind1=" " ind2=" " tag="035"><subfield code="a">(NEBIS)005632114EBI01</subfield></datafield><datafield ind1=" " ind2=" " tag="035"><subfield code="a">(ALEX)bv001379836</subfield></datafield><datafield ind1=" " ind2=" " tag="035"><subfield code="a">(EXLNZ-41SLSP_NETWORK)991086491579705501</subfield></datafield><datafield ind1=" " ind2=" " tag="040"><subfield code="a">SzZuIDS LU LUZHB</subfield><subfield code="e">kids</subfield><subfield code="d">CH-ZuSLS</subfield></datafield><datafield ind1="0" ind2=" " tag="041"><subfield code="a">ger</subfield><subfield code="a">fre</subfield><subfield code="a">ita</subfield></datafield><datafield ind1=" " ind2=" " tag="044"><subfield code="a">sz</subfield><subfield code="c">ch-zh</subfield></datafield><datafield ind1=" " ind2="7" tag="072"><subfield code="a">807</subfield><subfield code="2">IDS LU</subfield></datafield><datafield ind1=" " ind2="7" tag="072"><subfield code="a">830</subfield><subfield code="2">IDS LU</subfield></datafield><datafield ind1=" " ind2="7" tag="072"><subfield code="a">dr</subfield><subfield code="2">rero</subfield></datafield><datafield ind1=" " ind2="7" tag="072"><subfield code="a">rw</subfield><subfield code="2">SzZuIDS BS/BE</subfield></datafield><datafield ind1="0" ind2="4" tag="082"><subfield code="a">343.494014</subfield><subfield code="2">22/ger</subfield></datafield><datafield ind1="0" ind2="4" tag="082"><subfield code="a">344.940314</subfield><subfield code="2">19</subfield></datafield><datafield ind1="0" ind2="4" tag="082"><subfield code="a">340</subfield></datafield><datafield ind1="1" ind2="4" tag="082"><subfield code="a">340</subfield><subfield code="2">15</subfield></datafield><datafield ind1=" " ind2=" " tag="084"><subfield code="a">CA/CH 94 g</subfield><subfield code="2">cjurrom</subfield></datafield><datafield ind1=" " ind2=" " tag="084"><subfield code="a">CA/CH 94 h</subfield><subfield code="2">cjurrom</subfield></datafield><datafield ind1="1" ind2=" " tag="100"><subfield code="a">Hauser, Peter</subfield><subfield code="c">juriste</subfield><subfield code="d">19..-....</subfield><subfield code="0">(IDREF)030558174</subfield><subfield code="4">aut</subfield></datafield><datafield ind1="1" ind2="0" tag="245"><subfield code="a">Disziplinarstrafordnung</subfield><subfield code="b">das militärische Disziplinarstrafrecht : mit 30 praktischen Beispielen, wie Fälle rechtlich zu erledigen sind sowie Musterformularen und dem Gesetzestext</subfield><subfield code="c">Peter Hauser, Stefan Flachsmann, Patrick Fluri</subfield></datafield><datafield ind1=" " ind2=" " tag="250"><subfield code="a">5., vollständig überarb. und erw. Aufl.</subfield></datafield><datafield ind1=" " ind2="1" tag="264"><subfield code="a">Zürich</subfield><subfield code="b">Dike</subfield><subfield code="c">2008</subfield></datafield><datafield ind1=" " ind2=" " tag="300"><subfield code="a">550 S.</subfield><subfield code="c">21 cm</subfield></datafield><datafield ind1=" " ind2=" " tag="336"><subfield code="b">txt</subfield><subfield code="2">rdacontent</subfield></datafield><datafield ind1=" " ind2=" " tag="337"><subfield code="b">n</subfield><subfield code="2">rdamedia</subfield></datafield><datafield ind1=" " ind2=" " tag="338"><subfield code="b">nc</subfield><subfield code="2">rdacarrier</subfield></datafield><datafield ind1=" " ind2=" " tag="500"><subfield code="a">Enth. auch einen franz. und ital. Textteil</subfield></datafield><datafield ind1=" " ind2=" " tag="500"><subfield code="a">Enth. im Anh. die entsprechenden Formulare und Gesetzestexte</subfield></datafield><datafield ind1=" " ind2=" " tag="500"><subfield code="a">Franz. Fassung: 30 cas pratiques et leur solution juridique, des modèles de formulaires et le texte légal</subfield></datafield><datafield ind1=" " ind2=" " tag="500"><subfield code="a">Ital. Fassung: 30 esempi pratici su come risolvere giuruducamente i casi, formulari e testi legislativi</subfield></datafield><datafield ind1=" " ind2=" " tag="500"><subfield code="a">Früher im Verlag Huber, Frauenfeld erschienen</subfield></datafield><datafield ind1=" " ind2=" " tag="500"><subfield code="a">Texte auf deutsch, französisch und italienisch</subfield></datafield><datafield ind1=" " ind2="7" tag="650"><subfield code="a">Wehrdisziplinarrecht</subfield><subfield code="2">gnd</subfield><subfield code="0">(DE-588)4139962-6</subfield></datafield><datafield ind1=" " ind2="7" tag="650"><subfield code="a">Wehrstrafrecht</subfield><subfield code="2">gnd</subfield><subfield code="0">(DE-588)4189388-8</subfield></datafield><datafield ind1=" " ind2="7" tag="650"><subfield code="a">Militärstrafrecht</subfield><subfield code="9">ger</subfield><subfield code="0">(RERO)jurivoc000015068ger</subfield><subfield code="2">jurivoc</subfield></datafield><datafield ind1=" " ind2="7" tag="650"><subfield code="a">Disziplinarrecht</subfield><subfield code="9">ger</subfield><subfield code="0">(RERO)jurivoc000005746ger</subfield><subfield code="2">jurivoc</subfield></datafield><datafield ind1=" " ind2="7" tag="650"><subfield code="a">Angehöriger der Armee</subfield><subfield code="9">ger</subfield><subfield code="0">(RERO)jurivoc000001161ger</subfield><subfield code="2">jurivoc</subfield></datafield><datafield ind1=" " ind2="7" tag="650"><subfield code="a">Droit pénal militaire</subfield><subfield code="0">(IDREF)228975409</subfield><subfield code="2">idref</subfield></datafield><datafield ind1=" " ind2="7" tag="650"><subfield code="a">peine disciplinaire</subfield><subfield code="0">(RERO)A010017188</subfield><subfield code="2">rerovoc</subfield></datafield><datafield ind1=" " ind2="0" tag="650"><subfield code="a">Military discipline</subfield><subfield code="z">Switzerland</subfield></datafield><datafield ind1=" " ind2="7" tag="651"><subfield code="a">Schweiz</subfield><subfield code="2">gnd</subfield><subfield code="0">(DE-588)4053881-3</subfield></datafield><datafield ind1=" " ind2="7" tag="651"><subfield code="a">Schweiz</subfield><subfield code="9">ger</subfield><subfield code="0">(RERO)jurivoc000019912ger</subfield><subfield code="2">jurivoc</subfield></datafield><datafield ind1=" " ind2="7" tag="651"><subfield code="a">Suisse</subfield><subfield code="0">(IDREF)027249654</subfield><subfield code="2">idref</subfield></datafield><datafield ind1=" " ind2="7" tag="655"><subfield code="a">Fallsammlung</subfield><subfield code="2">gnd-content</subfield></datafield><datafield ind1=" " ind2="7" tag="655"><subfield code="a">Ratgeber</subfield><subfield code="2">gnd-content</subfield></datafield><datafield ind1=" " ind2=" " tag="690"><subfield code="a">Beschwerde; Bestrafung; Absatz; Verbot; Frist; Fehler; Befugnis; Betäubungsmittelgesetz; Ordnung; Arrest; Straftat; Strafrecht; Disziplinarverfahren; Ausschreitungen; Kosten; Protokoll; Befehl; Entschädigung; Instanz; Antrag; Dienst</subfield><subfield code="2">idssg-J</subfield></datafield><datafield ind1=" " ind2=" " tag="690"><subfield code="a">Strafbefugnis; Disziplinarfehler; Disziplinarstrafverfügung; Strafverschärfung; Arrestbefehl; Bestrafungsantrag; Einvernahmeprotokoll; Einzelfrage; Führungsbericht; Gesetzestext; Straßenverkehrsvorschrift; Arreststrafe; Arrestvollzug; Beschwerdeerledigung; Beschwerdeinstanz; Disziplinar-Disziplinarstrafordnung; Entscheideröffnung; Kompetenzordnung; Körperpflege; Strafverfugung; Verfolgungsverjährung; Vollstreckungsverjährung; Beschwerdefrist; Beschwerderecht; Beschwerdeverfahren; Disziplinarbeschwerdeentscheid; Disziplinarstrafrecht; Fallbeispiel; Militärstrafgesetz; Straftarif; Tagesfrist; Untersuchungsbefehl; Verfahrenshinweis; Verteidigungsrecht; Disziplinarbuße; Disziplinargerichtsbeschwerde-Instanz; Rechtsmittelbestimmung; Rechtsmittelverzicht; Strafgewalt; Strafkontrolle; Stundenfrist; Suchtest; Unterstellungsverhältnis; Arrestlokal; Auslandeinsatz; Beschwerdeführer; Beschwerdegegner; Beschwerdepartei; Beweisaufnahme; Briefpost; Disziplinarbus; Disziplinargerichtsbeschwerde-Verfahren; Disziplinarstrafsache; Drogenfall; Einheitskommandant; Friedenszeit; Kommandostelle; Kriegszeit; Lesestoff; Militärbehörde; Musterformular; Schuldausschlussgrund; Strafart; Strafrahmen; Strafzumessungsgrund; Tatbestand; Unterbruch; Untersuchungsgefängnis</subfield><subfield code="2">idssg-J</subfield></datafield><datafield ind1=" " ind2=" " tag="690"><subfield code="a">überarbeitete Auflage; 24-stündige Frist; aktiver Dienst; allgemeiner Teil; andere Strafe; anderer Suchtest; anfechtbarer Entscheid; begangener Disziplinarfehler; besondere Strafbefugnis; besonderes Unterstellungsverhältnis; bestimmte Widerhandlung; disziplinarische Bestrafung; entbehrlicher Gegenstand; erweiterte Auflage; gemeinsame Rechtsmittelbestimmung; gleiche Tat; häufiger Tatbestand; kurzfristige Arreststrafe; leichter Fall; mehrmalige Bestrafung; militärgerichtliches Verfahren; militärisches Disziplinarstrafrecht; persönliches Bedürfnis; persönlicher Geltungsbereich; praktisches Beispiel; rechtliche Würdigung; rechtskräftige Strafverfugung; strafbare Handlung; subsidiäre Kompetenz; verbotene Strafart; verschiedene Formation; vorläufige Beweisaufnahme; vorläufige Festnahme; vorübergehende Unterstellung; weitere Untersuchung; zeitlicher Vollzug; übergeordnete Kommandostelle</subfield><subfield code="2">idssg-J</subfield></datafield><datafield ind1=" " ind2=" " tag="690"><subfield code="a">Art. Abs. MStG; Avec cas pratiques et; Come risolvere giuridicamente; Con esempi pratici su; Formulaires et le; Formulari testi legislativi; Peter Hauser Stefan Flachsmann Patrick Fluri Disziplinar-Disziplinarstrafordnung; verboten Strafarten Massnahmen</subfield><subfield code="2">idssg-J</subfield></datafield><datafield ind1=" " ind2=" " tag="691"><subfield code="e">PC 94 CH</subfield><subfield code="2">rzs-L1</subfield></datafield><datafield ind1="1" ind2=" " tag="700"><subfield code="a">Flachsmann, Stefan</subfield><subfield code="d">1965-</subfield><subfield code="6">880-02</subfield><subfield code="0">(DE-588)137118708</subfield></datafield><datafield ind1="1" ind2=" " tag="880"><subfield code="6">700-02</subfield><subfield code="a">Flachsmann, Stefan</subfield><subfield code="d">1965-....</subfield><subfield code="0">(IDREF)134507150</subfield><subfield code="4">aut</subfield></datafield><datafield ind1="1" ind2=" " tag="700"><subfield code="6">880-03</subfield><subfield code="a">Fluri, Patrick</subfield><subfield code="d">1976-</subfield><subfield code="0">(DE-588)137116330</subfield></datafield><datafield ind1="1" ind2=" " tag="880"><subfield code="6">700-03</subfield><subfield code="a">Fluri, Patrick</subfield><subfield code="d">1976-....</subfield><subfield code="0">(IDREF)259019690</subfield><subfield code="4">aut</subfield></datafield><datafield ind1="1" ind2=" " tag="710"><subfield code="a">Schweiz</subfield><subfield code="0">(DE-588)4053881-3</subfield></datafield><datafield ind1="4" ind2=" " tag="856"><subfield code="3">Titelblatt und Inhaltsverzeichnis</subfield><subfield code="u">https://toc.library.ethz.ch/objects/pdf/z01_978-3-03751-093-3_01.pdf</subfield><subfield code="q">pdf</subfield></datafield><datafield ind1=" " ind2=" " tag="900"><subfield code="a">IDSZ1ZH</subfield></datafield><datafield ind1=" " ind2=" " tag="900"><subfield code="a">IDSZ2zbzmon200807i</subfield><subfield code="c">IDSZ2muez</subfield><subfield code="d">IDSZ2zbzswk200807b</subfield><subfield code="e">IDSZ2bruu</subfield></datafield><datafield ind1=" " ind2=" " tag="900"><subfield code="a">IDSZ2rwimon200807l</subfield><subfield code="c">IDSZ2rosi</subfield><subfield code="d">IDSZ2rwiswk200807b</subfield><subfield code="e">IDSZ2meim</subfield></datafield><datafield ind1=" " ind2=" " tag="949"><subfield code="a">https://toc.library.ethz.ch/objects/pdf/z01_978-3-03751-093-3_01.pdf</subfield></datafield></record>
</metadata></record>