<record><header><identifier>oai:alma.41SLSP_UGE:991000028479705502</identifier><datestamp>2023-06-26T00:15:07Z</datestamp><setSpec>UNIGE_ALL</setSpec></header><metadata>
<record xmlns="http://www.loc.gov/MARC21/slim" xmlns:xsi="http://www.w3.org/2001/XMLSchema-instance" xsi:schemaLocation="http://www.loc.gov/MARC21/slim http://www.loc.gov/standards/marcxml/schema/MARC21slim.xsd"><leader>02481ngm a22004577c 4500</leader><controlfield tag="001">991000028479705502</controlfield><controlfield tag="005">20230625102823.0</controlfield><controlfield tag="007">vd |v||||</controlfield><controlfield tag="008">080225s2008    fr ||| |          v|fre d</controlfield><datafield ind1=" " ind2=" " tag="035"><subfield code="a">(swissbib)10644509X-41slsp_network</subfield></datafield><datafield ind1=" " ind2=" " tag="035"><subfield code="a">10644509X</subfield><subfield code="9">ExL</subfield></datafield><datafield ind1=" " ind2=" " tag="035"><subfield code="a">(RERO)R004651527-41slsp</subfield></datafield><datafield ind1=" " ind2=" " tag="035"><subfield code="a">(EXLNZ-41SLSP_NETWORK)991069986749705501</subfield></datafield><datafield ind1=" " ind2=" " tag="040"><subfield code="a">RERO geheid</subfield><subfield code="d">CH-ZuSLS</subfield></datafield><datafield ind1=" " ind2="7" tag="072"><subfield code="a">sp</subfield><subfield code="2">rero</subfield></datafield><datafield ind1="0" ind2="0" tag="245"><subfield code="a">Mourir pour Kaboul ?</subfield><subfield code="c">présenté par Thierry Thuillier ; réal. par Nicolas Maupied</subfield></datafield><datafield ind1=" " ind2="1" tag="264"><subfield code="a">[Paris]</subfield><subfield code="b">France 2 [prod.]</subfield><subfield code="c">2008</subfield></datafield><datafield ind1=" " ind2=" " tag="300"><subfield code="a">1 DVD vidéo (94 min)</subfield></datafield><datafield ind1=" " ind2=" " tag="336"><subfield code="b">tdi</subfield><subfield code="2">rdacontent</subfield></datafield><datafield ind1=" " ind2=" " tag="337"><subfield code="b">v</subfield><subfield code="2">rdamedia</subfield></datafield><datafield ind1=" " ind2=" " tag="338"><subfield code="b">vd</subfield><subfield code="2">rdacarrier</subfield></datafield><datafield ind1="0" ind2=" " tag="490"><subfield code="a">Un oeil sur la planète</subfield></datafield><datafield ind1=" " ind2=" " tag="500"><subfield code="a">Diffusé le 25 février 2008 sur France 2</subfield></datafield><datafield ind1=" " ind2=" " tag="500"><subfield code="a">Images d'archives de provenances diverses</subfield></datafield><datafield ind1=" " ind2=" " tag="500"><subfield code="a">Zone 2</subfield></datafield><datafield ind1="0" ind2=" " tag="505"><subfield code="a">Une reconstruction aux forceps / un reportage de Dorothée Cochard et Patrick Desmulie</subfield></datafield><datafield ind1="0" ind2=" " tag="505"><subfield code="a">Le Bourbier / un reportage de Christophe Weber et Franck Mazuet</subfield></datafield><datafield ind1="0" ind2=" " tag="505"><subfield code="a">La France dans l'engrenage ? / un reportage de Amaury Guibert et Emmanuel Beke</subfield></datafield><datafield ind1="0" ind2=" " tag="505"><subfield code="a">Au pays des talibans / un reportage de Eric de Lavarène et Nadia Bletry</subfield></datafield><datafield ind1="8" ind2=" " tag="520"><subfield code="a">Deux mille soldats français servent en Afghanistan, principalement à la formation de l'armée afghane qui seule peut assurer la sécurité nationale à long terme</subfield><subfield code="5">RERO/njhep-/09.2011</subfield></datafield><datafield ind1="8" ind2=" " tag="520"><subfield code="a">Il n'y a pas de solution militaire possible en Afghanistan sans tenir compte de la situation dans les zones tribales du Pakistan voisin</subfield><subfield code="5">RERO/njhep-/09.2011</subfield></datafield><datafield ind1="8" ind2=" " tag="520"><subfield code="a">La communauté internationale mise sur la modernisation de l'Afghanistan pour pacifier le pays. Des milliards d'euros ont déjà été injectés dans l'économie locale</subfield><subfield code="5">RERO/njhep-/09.2011</subfield></datafield><datafield ind1="8" ind2=" " tag="520"><subfield code="a">Les soldats de la force internationale étaient venus traquer Ben Laden et sécuriser la jeune démocratie afghane, ils se retrouvent à faire la guerre contre les talibans</subfield><subfield code="5">RERO/njhep-/09.2011</subfield></datafield><datafield ind1=" " ind2="7" tag="650"><subfield code="a">force militaire internationale</subfield><subfield code="0">(RERO)A009990778</subfield><subfield code="2">rerovoc</subfield></datafield><datafield ind1=" " ind2="7" tag="650"><subfield code="a">Guerre</subfield><subfield code="0">(IDREF)027267709</subfield><subfield code="2">idref</subfield></datafield><datafield ind1=" " ind2="7" tag="650"><subfield code="a">21e siècle (début)</subfield><subfield code="0">(RERO)A022437388</subfield><subfield code="2">rero</subfield></datafield><datafield ind1=" " ind2="7" tag="650"><subfield code="a">Développement économique</subfield><subfield code="0">(IDREF)027224902</subfield><subfield code="2">idref</subfield></datafield><datafield ind1=" " ind2="7" tag="650"><subfield code="a">Géopolitique</subfield><subfield code="0">(IDREF)027732428</subfield><subfield code="2">idref</subfield></datafield><datafield ind1=" " ind2="7" tag="651"><subfield code="a">Afghanistan</subfield><subfield code="0">(IDREF)027218511</subfield><subfield code="2">idref</subfield></datafield><datafield ind1=" " ind2="7" tag="655"><subfield code="a">DVD</subfield><subfield code="2">idref</subfield><subfield code="0">(IDREF)035108444</subfield></datafield><datafield ind1="1" ind2=" " tag="700"><subfield code="a">Thuillier, Thierry</subfield><subfield code="0">(RERO)A013120068</subfield></datafield><datafield ind1="1" ind2=" " tag="700"><subfield code="a">Maupied, Nicolas</subfield><subfield code="c">photographe</subfield><subfield code="0">(IDREF)033827303</subfield></datafield></record>
</metadata></record>