<record><header><identifier>oai:alma.41SLSP_UGE:991000016939705502</identifier><datestamp>2023-11-10T05:46:13Z</datestamp><setSpec>uge_bcen_RapidILL_BOOK</setSpec><setSpec>uge_aaca_RapidILL_BOOK</setSpec><setSpec>uge_abels_RapidILL_BOOK</setSpec><setSpec>uge_dbu_RapidILL_BOOK</setSpec><setSpec>uge_cmu_RapidILL_BOOK</setSpec><setSpec>uge_mail_RapidILL_BOOK</setSpec><setSpec>uge_abbat_RapidILL_BOOK</setSpec><setSpec>UNIGE_ALL</setSpec><setSpec>uge_acar_RapidILL_BOOK</setSpec><setSpec>uge_aobs_RapidILL_BOOK</setSpec></header><metadata>
<record xmlns="http://www.loc.gov/MARC21/slim" xmlns:xsi="http://www.w3.org/2001/XMLSchema-instance" xsi:schemaLocation="http://www.loc.gov/MARC21/slim http://www.loc.gov/standards/marcxml/schema/MARC21slim.xsd"><leader>01106naa a2200241 c 4500</leader><controlfield tag="001">991000016939705502</controlfield><controlfield tag="005">20201126045003.0</controlfield><controlfield tag="008">201011s1961    ne ||||| |||| 00| ||fre d</controlfield><datafield ind1=" " ind2=" " tag="035"><subfield code="a">(swissbib)226893138-41slsp_network</subfield></datafield><datafield ind1=" " ind2=" " tag="035"><subfield code="a">226893138</subfield><subfield code="9">ExL</subfield></datafield><datafield ind1=" " ind2=" " tag="035"><subfield code="a">(RERO)0553324-41slsp</subfield></datafield><datafield ind1=" " ind2=" " tag="035"><subfield code="a">(IDSBB)001097523DSV01</subfield></datafield><datafield ind1=" " ind2=" " tag="035"><subfield code="a">(EXLNZ-41SLSP_NETWORK)991050337499705501</subfield></datafield><datafield ind1=" " ind2=" " tag="040"><subfield code="a">RERO</subfield><subfield code="d">CH-ZuSLS</subfield></datafield><datafield ind1=" " ind2="7" tag="072"><subfield code="a">dr</subfield><subfield code="2">rero</subfield></datafield><datafield ind1=" " ind2=" " tag="084"><subfield code="a">CA/PL 35 i</subfield><subfield code="2">cjurrom</subfield></datafield><datafield ind1="1" ind2=" " tag="100"><subfield code="a">Rozmaryn, Stefan</subfield><subfield code="d">1908-1969</subfield><subfield code="0">(IDREF)032444591</subfield><subfield code="4">cre</subfield></datafield><datafield ind1="1" ind2="0" tag="245"><subfield code="a">Quelques aspects de la représentation proportionnelle</subfield><subfield code="b">l'expérience de la République populaire de Pologne</subfield><subfield code="c">Stefan Rozmaryn</subfield></datafield><datafield ind1=" " ind2=" " tag="336"><subfield code="b">txt</subfield><subfield code="2">rdacontent</subfield></datafield><datafield ind1=" " ind2=" " tag="337"><subfield code="b">n</subfield><subfield code="2">rdamedia</subfield></datafield><datafield ind1=" " ind2=" " tag="338"><subfield code="b">nc</subfield><subfield code="2">rdacarrier</subfield></datafield><datafield ind1=" " ind2=" " tag="580"><subfield code="a">In: XXth century comparative and conflicts law : legal essays in honor of Hessel E. Yntema / ed. by Kurt H. Nadelmann, Arthur T. von Mehren and John N. Hazard. - Leyden : A. W. Sythoff, 1961 ; p. 491-508</subfield></datafield><datafield ind1="0" ind2=" " tag="773"><subfield code="t">20th century comparative and conflicts law : legal essays in honor of Hessel E. Yntema</subfield><subfield code="d">Leyden : A. W. Sythoff, 1961</subfield><subfield code="g">S. 491-508</subfield><subfield code="q">491-508</subfield><subfield code="w">(IDSBB)000664491DSV01</subfield></datafield><datafield ind1=" " ind2=" " tag="900"><subfield code="a">REROnoselfmerge</subfield></datafield></record>
</metadata></record>