<record><header><identifier>oai:alma.41SLSP_UGE:991000017249705502</identifier><datestamp>2024-10-16T00:09:40Z</datestamp><setSpec>uge_bcen_RapidILL_BOOK</setSpec><setSpec>uge_aaca_RapidILL_BOOK</setSpec><setSpec>uge_abels_RapidILL_BOOK</setSpec><setSpec>uge_dbu_RapidILL_BOOK</setSpec><setSpec>uge_cmu_RapidILL_BOOK</setSpec><setSpec>uge_mail_RapidILL_BOOK</setSpec><setSpec>uge_abbat_RapidILL_BOOK</setSpec><setSpec>UNIGE_ALL</setSpec><setSpec>uge_aobs_RapidILL_BOOK</setSpec><setSpec>uge_acar_RapidILL_BOOK</setSpec></header><metadata>
<record xmlns="http://www.loc.gov/MARC21/slim" xmlns:xsi="http://www.w3.org/2001/XMLSchema-instance" xsi:schemaLocation="http://www.loc.gov/MARC21/slim http://www.loc.gov/standards/marcxml/schema/MARC21slim.xsd"><leader>01382nam a2200349 c 4500</leader><controlfield tag="001">991000017249705502</controlfield><controlfield tag="005">20201126052928.0</controlfield><controlfield tag="008">201008s1937    xxu||||| |||| 00| ||eng d</controlfield><datafield ind1=" " ind2=" " tag="035"><subfield code="a">(swissbib)106094580-41slsp_network</subfield></datafield><datafield ind1=" " ind2=" " tag="035"><subfield code="a">106094580</subfield><subfield code="9">ExL</subfield></datafield><datafield ind1=" " ind2=" " tag="035"><subfield code="a">(RERO)R004597795-41slsp</subfield></datafield><datafield ind1=" " ind2=" " tag="035"><subfield code="a">(EXLNZ-41SLSP_NETWORK)991127370789705501</subfield></datafield><datafield ind1=" " ind2=" " tag="040"><subfield code="a">SZ-GeWHO</subfield><subfield code="d">CH-ZuSLS</subfield></datafield><datafield ind1=" " ind2="4" tag="060"><subfield code="a">WA 30</subfield></datafield><datafield ind1=" " ind2="7" tag="072"><subfield code="a">me</subfield><subfield code="2">rero</subfield></datafield><datafield ind1="1" ind2=" " tag="100"><subfield code="a">Collins, Selwyn de Witt</subfield><subfield code="d">1891-1959</subfield><subfield code="0">(RERO)A013723746</subfield><subfield code="4">cre</subfield></datafield><datafield ind1="1" ind2="0" tag="245"><subfield code="a">Research memorandum on social aspects of health in the depression</subfield><subfield code="c">by Selwyn D. Collins and Clark Tibbitts; with the assistance of Arch B. Clark and Eleanor L. Richie</subfield></datafield><datafield ind1=" " ind2="1" tag="264"><subfield code="a">New York</subfield><subfield code="b">Social Science Research Council</subfield><subfield code="c">1937</subfield></datafield><datafield ind1=" " ind2=" " tag="300"><subfield code="a">192 p. (tabs.)</subfield></datafield><datafield ind1=" " ind2=" " tag="336"><subfield code="b">txt</subfield><subfield code="2">rdacontent</subfield></datafield><datafield ind1=" " ind2=" " tag="337"><subfield code="b">n</subfield><subfield code="2">rdamedia</subfield></datafield><datafield ind1=" " ind2=" " tag="338"><subfield code="b">nc</subfield><subfield code="2">rdacarrier</subfield></datafield><datafield ind1="0" ind2=" " tag="490"><subfield code="a">Studies in the social aspects of the depression</subfield><subfield code="v">bulletin 36</subfield></datafield><datafield ind1=" " ind2=" " tag="500"><subfield code="a">Prepared under the direction of the Committee on Studies in Social Aspects of the Depression</subfield></datafield><datafield ind1=" " ind2="2" tag="650"><subfield code="a">Health Status</subfield></datafield><datafield ind1=" " ind2="2" tag="650"><subfield code="a">Public Health</subfield></datafield><datafield ind1=" " ind2="2" tag="650"><subfield code="a">Social Conditions</subfield></datafield><datafield ind1=" " ind2="2" tag="650"><subfield code="a">Social Environment</subfield></datafield><datafield ind1=" " ind2="2" tag="650"><subfield code="a">Socioeconomic Factors</subfield></datafield><datafield ind1=" " ind2="2" tag="651"><subfield code="a">United States</subfield></datafield><datafield ind1="1" ind2=" " tag="700"><subfield code="a">Tibbitts, Clark</subfield><subfield code="c">gérontologue</subfield><subfield code="d">1903-....</subfield><subfield code="0">(IDREF)085928399</subfield></datafield><datafield ind1="2" ind2=" " tag="710"><subfield code="a">Social Science Research Council (U.S.)</subfield><subfield code="b">Committee on Studies in Social Aspects of the Depression</subfield><subfield code="0">(RERO)A013723751</subfield></datafield><datafield ind1=" " ind2=" " tag="900"><subfield code="a">REROnoselfmerge</subfield></datafield><datafield ind1=" " ind2=" " tag="990"><subfield code="a">donomshim</subfield><subfield code="9">LOCAL</subfield></datafield></record>
</metadata></record>