<record><header><identifier>oai:alma.41SLSP_UGE:991000016619705502</identifier><datestamp>2023-03-01T01:09:09Z</datestamp><setSpec>uge_bcen_RapidILL_BOOK</setSpec><setSpec>uge_aaca_RapidILL_BOOK</setSpec><setSpec>uge_abels_RapidILL_BOOK</setSpec><setSpec>uge_dbu_RapidILL_BOOK</setSpec><setSpec>uge_cmu_RapidILL_BOOK</setSpec><setSpec>uge_mail_RapidILL_BOOK</setSpec><setSpec>UNIGE_ALL</setSpec><setSpec>uge_abbat_RapidILL_BOOK</setSpec><setSpec>uge_aobs_RapidILL_BOOK</setSpec><setSpec>uge_acar_RapidILL_BOOK</setSpec></header><metadata>
<record xmlns="http://www.loc.gov/MARC21/slim" xmlns:xsi="http://www.w3.org/2001/XMLSchema-instance" xsi:schemaLocation="http://www.loc.gov/MARC21/slim http://www.loc.gov/standards/marcxml/schema/MARC21slim.xsd"><leader>02635nam a2200673 c 4500</leader><controlfield tag="001">991000016619705502</controlfield><controlfield tag="005">20230214193207.0</controlfield><controlfield tag="008">201012s1995    gw ||||| |||| 00| ||lat d</controlfield><datafield ind1=" " ind2=" " tag="015"><subfield code="a">95,A45,0665</subfield></datafield><datafield ind1=" " ind2=" " tag="020"><subfield code="a">3519018721</subfield><subfield code="q">Gewebe</subfield></datafield><datafield ind1="7" ind2=" " tag="024"><subfield code="a">http://catalogue.bnf.fr/ark:/12148/cb37465907c</subfield><subfield code="2">uri</subfield></datafield><datafield ind1=" " ind2=" " tag="035"><subfield code="a">(swissbib)237175320-41slsp_network</subfield></datafield><datafield ind1=" " ind2=" " tag="035"><subfield code="a">237175320</subfield><subfield code="9">ExL</subfield></datafield><datafield ind1=" " ind2=" " tag="035"><subfield code="a">(RERO)2074430-41slsp</subfield></datafield><datafield ind1=" " ind2=" " tag="035"><subfield code="a">(IDSBB)001160537DSV01</subfield></datafield><datafield ind1=" " ind2=" " tag="035"><subfield code="a">(NEBIS)001600608EBI01</subfield></datafield><datafield ind1=" " ind2=" " tag="035"><subfield code="a">(EXLNZ-41SLSP_NETWORK)991021170699705501</subfield></datafield><datafield ind1=" " ind2=" " tag="040"><subfield code="a">RERO nebpun</subfield><subfield code="d">CH-ZuSLS</subfield></datafield><datafield ind1=" " ind2="7" tag="072"><subfield code="a">la</subfield><subfield code="2">rero</subfield></datafield><datafield ind1=" " ind2="7" tag="072"><subfield code="a">kp</subfield><subfield code="2">SzZuIDS BS/BE</subfield></datafield><datafield ind1="1" ind2=" " tag="080"><subfield code="a">871VEGE7Mil</subfield></datafield><datafield ind1="0" ind2="0" tag="082"><subfield code="a">355.02/0937</subfield><subfield code="2">21</subfield></datafield><datafield ind1="0" ind2="4" tag="082"><subfield code="a">355.00937</subfield></datafield><datafield ind1="1" ind2="4" tag="082"><subfield code="a">355.033 037</subfield><subfield code="2">22</subfield></datafield><datafield ind1="1" ind2="4" tag="082"><subfield code="a">874.01</subfield><subfield code="2">22</subfield></datafield><datafield ind1=" " ind2=" " tag="084"><subfield code="a">FX 328850</subfield><subfield code="2">rvk</subfield></datafield><datafield ind1=" " ind2=" " tag="084"><subfield code="a">NH 4526</subfield><subfield code="2">rvk</subfield></datafield><datafield ind1="1" ind2=" " tag="100"><subfield code="a">Vegetius Renatus, Flavius</subfield><subfield code="d">383-450</subfield><subfield code="0">(DE-588)11880409X</subfield><subfield code="6">880-01</subfield></datafield><datafield ind1="1" ind2=" " tag="880"><subfield code="6">100-01</subfield><subfield code="a">Végèce</subfield><subfield code="d">0383?-0450?</subfield><subfield code="0">(IDREF)026674114</subfield><subfield code="4">cre</subfield></datafield><datafield ind1="1" ind2="0" tag="240"><subfield code="a">Epitoma rei militaris</subfield></datafield><datafield ind1="1" ind2="0" tag="245"><subfield code="a">P. Flavii Vegeti Renati Epitoma Rei militaris</subfield><subfield code="c">edidit Alf Önnerfors</subfield></datafield><datafield ind1="1" ind2=" " tag="246"><subfield code="a">Epitoma rei militaris</subfield></datafield><datafield ind1=" " ind2="1" tag="264"><subfield code="a">Stutgardiae</subfield><subfield code="a">Lipsiae</subfield><subfield code="b">B.G. Teubner</subfield><subfield code="c">1995</subfield></datafield><datafield ind1=" " ind2=" " tag="300"><subfield code="a">LXI, 268 p.</subfield><subfield code="c">21 cm</subfield></datafield><datafield ind1=" " ind2=" " tag="336"><subfield code="b">txt</subfield><subfield code="2">rdacontent</subfield></datafield><datafield ind1=" " ind2=" " tag="337"><subfield code="b">n</subfield><subfield code="2">rdamedia</subfield></datafield><datafield ind1=" " ind2=" " tag="338"><subfield code="b">nc</subfield><subfield code="2">rdacarrier</subfield></datafield><datafield ind1="1" ind2=" " tag="490"><subfield code="a">Bibliotheca scriptorum Graecorum et Romanorum Teubneriana</subfield></datafield><datafield ind1=" " ind2=" " tag="500"><subfield code="a">Betrifft die Handschrift Cod. 280 der Burgerbibliothek Bern.</subfield><subfield code="5">B440</subfield></datafield><datafield ind1="0" ind2="7" tag="600"><subfield code="a">Végèce</subfield><subfield code="d">383?-450?</subfield><subfield code="t">De re militari</subfield><subfield code="0">(IDREF)16021193X</subfield><subfield code="2">idref</subfield></datafield><datafield ind1=" " ind2="7" tag="648"><subfield code="a">Geschichte 410</subfield><subfield code="2">gnd</subfield></datafield><datafield ind1=" " ind2="7" tag="650"><subfield code="a">Transmission des textes</subfield><subfield code="0">(IDREF)027488276</subfield><subfield code="2">idref</subfield></datafield><datafield ind1=" " ind2="7" tag="650"><subfield code="a">Militär</subfield><subfield code="2">idszbz</subfield></datafield><datafield ind1=" " ind2="7" tag="650"><subfield code="a">Militärausbildung</subfield><subfield code="0">(DE-588)4074802-9</subfield><subfield code="2">gnd</subfield></datafield><datafield ind1=" " ind2="0" tag="650"><subfield code="a">Military art and science</subfield><subfield code="v">Early works to 1800</subfield></datafield><datafield ind1=" " ind2="0" tag="650"><subfield code="a">Military art and science</subfield><subfield code="x">Early works to 1800</subfield></datafield><datafield ind1=" " ind2="0" tag="650"><subfield code="a">Military art and science</subfield><subfield code="z">Rome</subfield></datafield><datafield ind1=" " ind2="0" tag="650"><subfield code="a">Military art and science</subfield><subfield code="z">Rome</subfield><subfield code="v">Early works to 1800</subfield></datafield><datafield ind1=" " ind2="7" tag="651"><subfield code="a">Römisches Reich</subfield><subfield code="0">(DE-588)4076778-4</subfield><subfield code="2">gnd</subfield></datafield><datafield ind1=" " ind2="0" tag="651"><subfield code="a">Rome</subfield><subfield code="x">Army</subfield></datafield><datafield ind1=" " ind2="0" tag="651"><subfield code="a">Rome</subfield><subfield code="x">Army</subfield><subfield code="v">Early works to 1800</subfield></datafield><datafield ind1=" " ind2="0" tag="651"><subfield code="a">Rome</subfield><subfield code="x">History, Military</subfield></datafield><datafield ind1=" " ind2=" " tag="690"><subfield code="a">Lateinische Literatur Altertum Vegetius Edition</subfield><subfield code="2">bsb-BB</subfield></datafield><datafield ind1=" " ind2=" " tag="690"><subfield code="a">Militärschriftsteller Alterum Latein Edition</subfield><subfield code="2">bsb-BB</subfield></datafield><datafield ind1="1" ind2="2" tag="700"><subfield code="a">Vegetius Renatus, Flavius</subfield><subfield code="t">De re militari</subfield></datafield><datafield ind1="1" ind2=" " tag="700"><subfield code="a">Önnerfors, Alf</subfield><subfield code="d">1925-2019</subfield><subfield code="0">(DE-588)120231174</subfield><subfield code="6">880-03</subfield></datafield><datafield ind1="1" ind2=" " tag="880"><subfield code="6">700-03</subfield><subfield code="a">Önnerfors, Alf</subfield><subfield code="d">1925-2019</subfield><subfield code="0">(IDREF)028375491</subfield></datafield><datafield ind1=" " ind2="0" tag="830"><subfield code="a">Bibliotheca scriptorum graecorum et romanorum teubneriana</subfield><subfield code="w">(RERO)0000217-41slsp</subfield></datafield><datafield ind1=" " ind2=" " tag="900"><subfield code="a">REROnoselfmerge</subfield></datafield><datafield ind1=" " ind2=" " tag="900"><subfield code="f">IDSBxseklit b440</subfield><subfield code="x">BBB Cod. 280</subfield></datafield></record>
</metadata></record>