<record><header><identifier>oai:alma.41SLSP_UGE:991000016849705502</identifier><datestamp>2023-03-01T01:09:09Z</datestamp><setSpec>uge_bcen_RapidILL_BOOK</setSpec><setSpec>uge_aaca_RapidILL_BOOK</setSpec><setSpec>uge_abels_RapidILL_BOOK</setSpec><setSpec>uge_dbu_RapidILL_BOOK</setSpec><setSpec>uge_cmu_RapidILL_BOOK</setSpec><setSpec>uge_mail_RapidILL_BOOK</setSpec><setSpec>UNIGE_ALL</setSpec><setSpec>uge_abbat_RapidILL_BOOK</setSpec><setSpec>uge_aobs_RapidILL_BOOK</setSpec><setSpec>uge_acar_RapidILL_BOOK</setSpec></header><metadata>
<record xmlns="http://www.loc.gov/MARC21/slim" xmlns:xsi="http://www.w3.org/2001/XMLSchema-instance" xsi:schemaLocation="http://www.loc.gov/MARC21/slim http://www.loc.gov/standards/marcxml/schema/MARC21slim.xsd"><leader>03184nam a2200745 c 4500</leader><controlfield tag="001">991000016849705502</controlfield><controlfield tag="005">20230116181637.0</controlfield><controlfield tag="008">201011s1998    be ||||| |||| 10| ||eng d</controlfield><datafield ind1=" " ind2=" " tag="020"><subfield code="a">280271080X</subfield><subfield code="q">Bruylant</subfield></datafield><datafield ind1=" " ind2=" " tag="020"><subfield code="a">8814067317</subfield><subfield code="q">Giuffrè</subfield></datafield><datafield ind1=" " ind2=" " tag="035"><subfield code="a">(swissbib)220966443-41slsp_network</subfield></datafield><datafield ind1=" " ind2=" " tag="035"><subfield code="a">220966443</subfield><subfield code="9">ExL</subfield></datafield><datafield ind1=" " ind2=" " tag="035"><subfield code="a">(RERO)R233968360-41slsp</subfield></datafield><datafield ind1=" " ind2=" " tag="035"><subfield code="a">(NEBIS)001941895EBI01</subfield></datafield><datafield ind1=" " ind2=" " tag="035"><subfield code="a">(IDSBB)001633807DSV01</subfield></datafield><datafield ind1=" " ind2=" " tag="035"><subfield code="a">(EXLNZ-41SLSP_NETWORK)991021306349705501</subfield></datafield><datafield ind1=" " ind2=" " tag="040"><subfield code="a">RERO frbcuc</subfield><subfield code="d">CH-ZuSLS</subfield></datafield><datafield ind1="0" ind2=" " tag="041"><subfield code="a">eng</subfield><subfield code="a">fre</subfield><subfield code="a">ita</subfield></datafield><datafield ind1=" " ind2=" " tag="044"><subfield code="a">be</subfield><subfield code="a">it</subfield></datafield><datafield ind1=" " ind2=" " tag="045"><subfield code="a">x4x-</subfield></datafield><datafield ind1=" " ind2="0" tag="050"><subfield code="a">KJE6497</subfield><subfield code="b">.E93 1998</subfield></datafield><datafield ind1=" " ind2="7" tag="072"><subfield code="a">dr</subfield><subfield code="2">rero</subfield></datafield><datafield ind1=" " ind2="7" tag="072"><subfield code="a">rw</subfield><subfield code="2">SzZuIDS BS/BE</subfield></datafield><datafield ind1="0" ind2="0" tag="082"><subfield code="a">341.7/54</subfield><subfield code="2">21</subfield></datafield><datafield ind1="1" ind2="4" tag="082"><subfield code="a">340</subfield><subfield code="2">15</subfield></datafield><datafield ind1=" " ind2=" " tag="084"><subfield code="a">CA/CE 84 e</subfield><subfield code="2">cjurrom</subfield></datafield><datafield ind1=" " ind2=" " tag="084"><subfield code="a">FA 53 e</subfield><subfield code="2">cjurrom</subfield></datafield><datafield ind1=" " ind2=" " tag="084"><subfield code="a">FA 54 e</subfield><subfield code="2">cjurrom</subfield></datafield><datafield ind1=" " ind2=" " tag="084"><subfield code="a">PU 1548</subfield><subfield code="2">rvk</subfield></datafield><datafield ind1="0" ind2="0" tag="245"><subfield code="a">Antitrust between EC law and national law</subfield><subfield code="b">= Antitrust fra diritto nazionale e diritto comunitario : symposium : Treviso, 15-16 may 1997</subfield><subfield code="c">a cura di Enrico Adriano Raffaelli</subfield></datafield><datafield ind1="1" ind2=" " tag="246"><subfield code="a">Antitrust fra diritto nazionale e diritto comunitario</subfield></datafield><datafield ind1="1" ind2="1" tag="246"><subfield code="a">Antitrust fra diritto comunitario</subfield></datafield><datafield ind1=" " ind2="1" tag="264"><subfield code="a">Bruxelles</subfield><subfield code="b">E. Bruylant</subfield><subfield code="a">Milano</subfield><subfield code="b">Giuffrè</subfield><subfield code="c">1998</subfield></datafield><datafield ind1=" " ind2=" " tag="300"><subfield code="a">XII, 560 p.</subfield><subfield code="c">24 cm</subfield></datafield><datafield ind1=" " ind2=" " tag="336"><subfield code="b">txt</subfield><subfield code="2">rdacontent</subfield></datafield><datafield ind1=" " ind2=" " tag="337"><subfield code="b">n</subfield><subfield code="2">rdamedia</subfield></datafield><datafield ind1=" " ind2=" " tag="338"><subfield code="b">nc</subfield><subfield code="2">rdacarrier</subfield></datafield><datafield ind1="1" ind2=" " tag="490"><subfield code="a">UAE symposium</subfield><subfield code="v">[3]</subfield></datafield><datafield ind1=" " ind2=" " tag="500"><subfield code="a">En tête de la p. de t.: LIDC, Associazione italiana per la tutela della concorrenza</subfield></datafield><datafield ind1=" " ind2=" " tag="500"><subfield code="a">Text Beiträge engl., ital., oder franz.</subfield></datafield><datafield ind1=" " ind2=" " tag="500"><subfield code="a">Am Kopf der Titelseite: UAE, Union des Avocats Européens ... [et al.]</subfield></datafield><datafield ind1=" " ind2=" " tag="500"><subfield code="a">Symposium European Lawyers' Union, Treviso, 15-16 may 1997</subfield></datafield><datafield ind1=" " ind2=" " tag="504"><subfield code="a">Includes bibliographical references.</subfield></datafield><datafield ind1=" " ind2="0" tag="650"><subfield code="a">Antitrust law</subfield><subfield code="z">European Union countries</subfield><subfield code="v">Congresses</subfield></datafield><datafield ind1=" " ind2="0" tag="650"><subfield code="a">International and municipal law</subfield><subfield code="z">European Union countries</subfield><subfield code="v">Congresses</subfield></datafield><datafield ind1=" " ind2="0" tag="650"><subfield code="a">Restraint of trade</subfield><subfield code="z">European Union Countries</subfield><subfield code="v">Congresses</subfield></datafield><datafield ind1=" " ind2="7" tag="650"><subfield code="a">concurrence économique</subfield><subfield code="0">(RERO)A009956227</subfield><subfield code="2">rerovoc</subfield></datafield><datafield ind1=" " ind2="7" tag="650"><subfield code="a">droit national</subfield><subfield code="0">(RERO)A009984669</subfield><subfield code="2">rerovoc</subfield></datafield><datafield ind1=" " ind2="7" tag="650"><subfield code="a">Droit européen</subfield><subfield code="0">(IDREF)027467171</subfield><subfield code="2">idref</subfield></datafield><datafield ind1=" " ind2="7" tag="650"><subfield code="a">Europarecht</subfield><subfield code="2">idszbz</subfield></datafield><datafield ind1=" " ind2="7" tag="650"><subfield code="a">Kartellrecht</subfield><subfield code="2">idszbz</subfield></datafield><datafield ind1=" " ind2="7" tag="650"><subfield code="a">Landesrecht</subfield><subfield code="2">idszbz</subfield></datafield><datafield ind1=" " ind2="7" tag="650"><subfield code="a">Kartellrecht</subfield><subfield code="x">Europäische Union</subfield><subfield code="x">Innerstaatliche Wirkung</subfield><subfield code="v">Kongressbericht</subfield><subfield code="2">idsbb</subfield></datafield><datafield ind1=" " ind2="7" tag="650"><subfield code="a">Kartellrecht</subfield><subfield code="x">Europäische Union</subfield><subfield code="v">Kongressbericht</subfield><subfield code="2">idsbb</subfield></datafield><datafield ind1=" " ind2="7" tag="655"><subfield code="a">Actes de congrès</subfield><subfield code="0">(IDREF)02886431X</subfield><subfield code="2">idref</subfield></datafield><datafield ind1=" " ind2="7" tag="655"><subfield code="a">Aufsatzsammlung</subfield><subfield code="2">idszbz</subfield></datafield><datafield ind1=" " ind2="7" tag="655"><subfield code="a">Konferenzschrift</subfield><subfield code="z">Treviso</subfield><subfield code="y">1997/05</subfield><subfield code="2">gnd-content</subfield></datafield><datafield ind1="1" ind2=" " tag="700"><subfield code="a">Raffaelli, Enrico Adriano</subfield><subfield code="c">juriste</subfield><subfield code="d">19..-....</subfield><subfield code="0">(IDREF)068681666</subfield></datafield><datafield ind1="2" ind2=" " tag="710"><subfield code="a">European Lawyers' Union</subfield><subfield code="0">(DE-588)2110994-1</subfield></datafield><datafield ind1="2" ind2=" " tag="710"><subfield code="a">European Lawyers' Union</subfield><subfield code="b">Symposium</subfield><subfield code="0">(DE-588)1085708284</subfield></datafield><datafield ind1="2" ind2=" " tag="710"><subfield code="a">Union des avocats européens</subfield><subfield code="b">Symposium</subfield><subfield code="d">1997</subfield><subfield code="c">Treviso</subfield><subfield code="0">(RERO)A012402863</subfield></datafield><datafield ind1="2" ind2=" " tag="710"><subfield code="a">Associazione Italiana per la Tutela della Concorrenza</subfield><subfield code="g">Milan, Italie</subfield><subfield code="0">(IDREF)16886391X</subfield></datafield><datafield ind1="2" ind2=" " tag="710"><subfield code="a">Ligue internationale du droit de la concurrence</subfield><subfield code="0">(IDREF)068752520</subfield></datafield><datafield ind1=" " ind2="0" tag="830"><subfield code="a">UAE symposium</subfield><subfield code="v">3</subfield><subfield code="w">(RERO)R268245460-41slsp</subfield></datafield><datafield ind1=" " ind2=" " tag="900"><subfield code="a">REROnoselfmerge</subfield></datafield><datafield ind1=" " ind2=" " tag="910"><subfield code="a">LOC</subfield><subfield code="b">20140709</subfield><subfield code="c">Droits réservés</subfield></datafield><datafield ind1=" " ind2=" " tag="961"><subfield code="2">gsi</subfield><subfield code="a">347.7</subfield><subfield code="9">LOCAL</subfield></datafield></record>
</metadata></record>