<record><header><identifier>oai:alma.41SLSP_UGE:991000016429705502</identifier><datestamp>2024-03-09T01:39:47Z</datestamp><setSpec>uge_bcen_RapidILL_BOOK</setSpec><setSpec>uge_aaca_RapidILL_BOOK</setSpec><setSpec>uge_abels_RapidILL_BOOK</setSpec><setSpec>uge_dbu_RapidILL_BOOK</setSpec><setSpec>uge_cmu_RapidILL_BOOK</setSpec><setSpec>uge_mail_RapidILL_BOOK</setSpec><setSpec>uge_abbat_RapidILL_BOOK</setSpec><setSpec>UNIGE_ALL</setSpec><setSpec>uge_acar_RapidILL_BOOK</setSpec><setSpec>uge_aobs_RapidILL_BOOK</setSpec></header><metadata>
<record xmlns="http://www.loc.gov/MARC21/slim" xmlns:xsi="http://www.w3.org/2001/XMLSchema-instance" xsi:schemaLocation="http://www.loc.gov/MARC21/slim http://www.loc.gov/standards/marcxml/schema/MARC21slim.xsd"><leader>02815nam a2200745 ca4500</leader><controlfield tag="001">991000016429705502</controlfield><controlfield tag="005">20240308213835.0</controlfield><controlfield tag="008">201011m20129999sz            00| | ger|d</controlfield><datafield ind1=" " ind2=" " tag="015"><subfield code="a">12,N19</subfield><subfield code="2">dnb</subfield></datafield><datafield ind1=" " ind2=" " tag="019"><subfield code="a">Kein schriftlicher Hinweis, dass dieses Buch zur Neuen Reihe der Zürcher Bibelkommentare AT gehört</subfield><subfield code="5">IDSBB/15.04.2013/BE-TH/wae</subfield></datafield><datafield ind1=" " ind2=" " tag="020"><subfield code="a">3290176428</subfield></datafield><datafield ind1=" " ind2=" " tag="020"><subfield code="a">9783290176426</subfield><subfield code="c">(Band 1)</subfield></datafield><datafield ind1=" " ind2=" " tag="020"><subfield code="a">9783290178345</subfield><subfield code="c">(Band 2)</subfield></datafield><datafield ind1=" " ind2=" " tag="035"><subfield code="a">(swissbib)211973602-41slsp_network</subfield></datafield><datafield ind1=" " ind2=" " tag="035"><subfield code="a">211973602</subfield><subfield code="9">ExL</subfield></datafield><datafield ind1=" " ind2=" " tag="035"><subfield code="a">(IDSBB)006114330DSV01</subfield></datafield><datafield ind1=" " ind2=" " tag="035"><subfield code="a">(IDSLU)001085801ILU01</subfield></datafield><datafield ind1=" " ind2=" " tag="035"><subfield code="a">(RERO)R007173943-41slsp</subfield></datafield><datafield ind1=" " ind2=" " tag="035"><subfield code="a">(NEBIS)007551289EBI01</subfield></datafield><datafield ind1=" " ind2=" " tag="035"><subfield code="a">(OCoLC)816347976</subfield></datafield><datafield ind1=" " ind2=" " tag="035"><subfield code="a">(OCoLC)802411311</subfield></datafield><datafield ind1=" " ind2=" " tag="035"><subfield code="a">(ABN)000688640ABN01</subfield></datafield><datafield ind1=" " ind2=" " tag="035"><subfield code="a">(EXLNZ-41SLSP_NETWORK)991043769929705501</subfield></datafield><datafield ind1=" " ind2=" " tag="040"><subfield code="a">DE-604</subfield><subfield code="e">kids</subfield><subfield code="d">CH-ZuSLS</subfield></datafield><datafield ind1="1" ind2=" " tag="041"><subfield code="a">ger</subfield><subfield code="h">grc</subfield></datafield><datafield ind1=" " ind2=" " tag="044"><subfield code="a">sz</subfield><subfield code="c">ch-zh</subfield></datafield><datafield ind1=" " ind2="7" tag="072"><subfield code="a">th</subfield><subfield code="2">SzZuIDS BS/BE</subfield></datafield><datafield ind1=" " ind2="7" tag="072"><subfield code="a">730</subfield><subfield code="2">IDS LU</subfield></datafield><datafield ind1=" " ind2="7" tag="072"><subfield code="a">th</subfield><subfield code="2">rero</subfield></datafield><datafield ind1="1" ind2=" " tag="080"><subfield code="a">22.07ZBK</subfield></datafield><datafield ind1="0" ind2="4" tag="082"><subfield code="a">222.12077</subfield><subfield code="2">22/ger</subfield></datafield><datafield ind1="0" ind2="4" tag="082"><subfield code="a">220</subfield></datafield><datafield ind1=" " ind2=" " tag="084"><subfield code="a">BC 4000</subfield><subfield code="2">rvk</subfield></datafield><datafield ind1=" " ind2=" " tag="084"><subfield code="a">BC 4050</subfield><subfield code="2">rvk</subfield></datafield><datafield ind1=" " ind2=" " tag="084"><subfield code="a">200</subfield><subfield code="2">sdnb</subfield></datafield><datafield ind1="1" ind2=" " tag="100"><subfield code="a">Albertz, Rainer</subfield><subfield code="d">1943-</subfield><subfield code="0">(DE-588)123320208</subfield><subfield code="6">880-01</subfield></datafield><datafield ind1="1" ind2=" " tag="880"><subfield code="6">100-01</subfield><subfield code="a">Albertz, Rainer</subfield><subfield code="d">1943-....</subfield><subfield code="0">(IDREF)028754638</subfield><subfield code="4">cre</subfield></datafield><datafield ind1="1" ind2="0" tag="245"><subfield code="a">Exodus</subfield><subfield code="c">Rainer Albertz</subfield></datafield><datafield ind1="1" ind2=" " tag="246"><subfield code="i">Umschlagtitel Band I</subfield><subfield code="a">Exodus 1-18</subfield></datafield><datafield ind1=" " ind2="1" tag="264"><subfield code="a">Zürich</subfield><subfield code="b">Theologischer Verlag</subfield><subfield code="c">2012-</subfield></datafield><datafield ind1=" " ind2=" " tag="300"><subfield code="a">2 Bd.</subfield><subfield code="c">24 cm</subfield></datafield><datafield ind1=" " ind2=" " tag="336"><subfield code="b">txt</subfield><subfield code="2">rdacontent</subfield></datafield><datafield ind1=" " ind2=" " tag="337"><subfield code="b">n</subfield><subfield code="2">rdamedia</subfield></datafield><datafield ind1=" " ind2=" " tag="338"><subfield code="b">nc</subfield><subfield code="2">rdacarrier</subfield></datafield><datafield ind1="1" ind2=" " tag="490"><subfield code="a">Zürcher Bibelkommentare. AT</subfield><subfield code="v">2</subfield></datafield><datafield ind1=" " ind2=" " tag="500"><subfield code="a">Bibelkommentar mit eingefügtem Bibeltext</subfield></datafield><datafield ind1=" " ind2=" " tag="504"><subfield code="a">Literaturverz.</subfield></datafield><datafield ind1="0" ind2="0" tag="505"><subfield code="g">Band 1</subfield><subfield code="t">Ex 1-18</subfield></datafield><datafield ind1="0" ind2="0" tag="505"><subfield code="g">Band 2</subfield><subfield code="t">Ex 19-40</subfield></datafield><datafield ind1="0" ind2="7" tag="630"><subfield code="a">Bible</subfield><subfield code="p">AT</subfield><subfield code="p">Exode</subfield><subfield code="0">(RERO)A009967347</subfield><subfield code="2">rero</subfield></datafield><datafield ind1="0" ind2="7" tag="630"><subfield code="a">Bibel</subfield><subfield code="p">Exodus</subfield><subfield code="0">(DE-588)4015988-7</subfield><subfield code="2">gnd</subfield></datafield><datafield ind1="0" ind2="0" tag="630"><subfield code="a">Bible</subfield><subfield code="p">Exodus</subfield><subfield code="v">Commentaries</subfield></datafield><datafield ind1=" " ind2="7" tag="655"><subfield code="a">Commentaire de texte</subfield><subfield code="0">(IDREF)27790681</subfield><subfield code="2">idref</subfield></datafield><datafield ind1=" " ind2="7" tag="655"><subfield code="a">Kommentar</subfield><subfield code="2">gnd-content</subfield></datafield><datafield ind1="0" ind2=" " tag="730"><subfield code="a">Bibel</subfield><subfield code="p">Exodus</subfield><subfield code="0">(DE-588)4015988-7</subfield></datafield><datafield ind1=" " ind2=" " tag="830"><subfield code="a">Zürcher Bibelkommentare</subfield><subfield code="p">A.T.</subfield><subfield code="v">2</subfield><subfield code="w">(IDSLU)000161369ILU01</subfield></datafield><datafield ind1=" " ind2=" " tag="830"><subfield code="a">Zürcher Bibelkommentare</subfield><subfield code="p">AT</subfield><subfield code="v">2</subfield><subfield code="w">(RERO)0566536-41slsp</subfield></datafield><datafield ind1=" " ind2=" " tag="830"><subfield code="a">Zürcher Bibelkommentare</subfield><subfield code="p">AT</subfield><subfield code="v">2</subfield><subfield code="w">(IDSBB)000258272DSV01</subfield></datafield><datafield ind1="4" ind2=" " tag="856"><subfield code="3">Inhaltsverzeichnis (Bd. 1)</subfield><subfield code="u">https://www.ub.unibas.ch/tox/SNB/vtls001691858/PDF</subfield><subfield code="q">pdf</subfield></datafield><datafield ind1="4" ind2=" " tag="856"><subfield code="3">Titelblatt und Inhaltsverzeichnis</subfield><subfield code="u">https://toc.library.ethz.ch/objects/pdf/z01_978-3-290-17642-6_01.pdf</subfield><subfield code="q">pdf</subfield></datafield><datafield ind1=" " ind2=" " tag="900"><subfield code="a">REROnoselfmerge</subfield></datafield><datafield ind1=" " ind2=" " tag="900"><subfield code="a">IDSZ1ZH</subfield></datafield><datafield ind1=" " ind2=" " tag="900"><subfield code="a">IDSZ2zbzmon201210p</subfield><subfield code="c">IDSZ2sima</subfield><subfield code="d">IDSZ2zbzswk201210b</subfield><subfield code="e">IDSZ2schu</subfield></datafield><datafield ind1=" " ind2=" " tag="911"><subfield code="a">100</subfield><subfield code="a">Albertz, Rainer</subfield><subfield code="d">1943-</subfield></datafield><datafield ind1=" " ind2=" " tag="949"><subfield code="a">https://toc.library.ethz.ch/objects/pdf/z01_978-3-290-17642-6_01.pdf</subfield></datafield><datafield ind1=" " ind2=" " tag="949"><subfield code="a">https://www.ub.unibas.ch/tox/SNB/vtls001691858/PDF</subfield></datafield></record>
</metadata></record>