<record><header><identifier>oai:alma.41SLSP_UGE:991000017359705502</identifier><datestamp>2023-03-01T01:09:09Z</datestamp><setSpec>uge_bcen_RapidILL_BOOK</setSpec><setSpec>uge_aaca_RapidILL_BOOK</setSpec><setSpec>uge_abels_RapidILL_BOOK</setSpec><setSpec>uge_dbu_RapidILL_BOOK</setSpec><setSpec>uge_cmu_RapidILL_BOOK</setSpec><setSpec>uge_mail_RapidILL_BOOK</setSpec><setSpec>UNIGE_ALL</setSpec><setSpec>uge_abbat_RapidILL_BOOK</setSpec><setSpec>uge_aobs_RapidILL_BOOK</setSpec><setSpec>uge_acar_RapidILL_BOOK</setSpec></header><metadata>
<record xmlns="http://www.loc.gov/MARC21/slim" xmlns:xsi="http://www.w3.org/2001/XMLSchema-instance" xsi:schemaLocation="http://www.loc.gov/MARC21/slim http://www.loc.gov/standards/marcxml/schema/MARC21slim.xsd"><leader>01064nam a2200265 c 4500</leader><controlfield tag="001">991000017359705502</controlfield><controlfield tag="005">20210207115842.0</controlfield><controlfield tag="008">950727s1971    xxc||||| |||| 00| ||fre d</controlfield><datafield ind1=" " ind2=" " tag="020"><subfield code="a">0840500505</subfield></datafield><datafield ind1=" " ind2=" " tag="035"><subfield code="a">(swissbib)090201981-41slsp_network</subfield></datafield><datafield ind1=" " ind2=" " tag="035"><subfield code="a">090201981</subfield><subfield code="9">ExL</subfield></datafield><datafield ind1=" " ind2=" " tag="035"><subfield code="a">(RERO)2056120-41slsp</subfield></datafield><datafield ind1=" " ind2=" " tag="035"><subfield code="a">(EXLNZ-41SLSP_NETWORK)991121724329705501</subfield></datafield><datafield ind1=" " ind2=" " tag="040"><subfield code="a">RERO geussm</subfield><subfield code="d">CH-ZuSLS</subfield></datafield><datafield ind1=" " ind2="7" tag="072"><subfield code="a">ma</subfield><subfield code="2">rero</subfield></datafield><datafield ind1=" " ind2=" " tag="084"><subfield code="a">35</subfield><subfield code="2">msc</subfield></datafield><datafield ind1="0" ind2="0" tag="245"><subfield code="a">Equations aux dérivées partielles</subfield><subfield code="c">Robert Carroll... [et al.]</subfield></datafield><datafield ind1=" " ind2="1" tag="264"><subfield code="a">Montréal</subfield><subfield code="b">Les Presses de l'Université de Montréal</subfield><subfield code="c">1966 (dépot légal 1971)</subfield></datafield><datafield ind1=" " ind2=" " tag="300"><subfield code="a">146 p.</subfield><subfield code="c">28 cm</subfield></datafield><datafield ind1=" " ind2=" " tag="336"><subfield code="b">txt</subfield><subfield code="2">rdacontent</subfield></datafield><datafield ind1=" " ind2=" " tag="337"><subfield code="b">n</subfield><subfield code="2">rdamedia</subfield></datafield><datafield ind1=" " ind2=" " tag="338"><subfield code="b">nc</subfield><subfield code="2">rdacarrier</subfield></datafield><datafield ind1="1" ind2=" " tag="490"><subfield code="a">Séminaire de mathématiques supérieures / Université de Montréal, Département de mathématiques et de statistique</subfield><subfield code="v">19</subfield></datafield><datafield ind1="1" ind2=" " tag="700"><subfield code="a">Carroll, Robert W.</subfield><subfield code="d">1930-2012</subfield><subfield code="0">(IDREF)108779181</subfield></datafield><datafield ind1=" " ind2="0" tag="830"><subfield code="a">Séminaire de mathématiques supérieures / Université de Montréal, Département de mathématiques et de statistique</subfield><subfield code="v">19</subfield><subfield code="w">(RERO)0719193-41slsp</subfield></datafield><datafield ind1=" " ind2=" " tag="900"><subfield code="a">REROnoselfmerge</subfield></datafield></record>
</metadata></record>