<record><header><identifier>oai:alma.41SLSP_UGE:991000016839705502</identifier><datestamp>2023-03-01T01:09:09Z</datestamp><setSpec>uge_cmu_RapidILL_JOURNAL</setSpec><setSpec>uge_aobs_RapidILL_JOURNAL</setSpec><setSpec>uge_aaca_RapidILL_JOURNAL</setSpec><setSpec>uge_bcen_RapidILL_JOURNAL</setSpec><setSpec>uge_abbat_RapidILL_JOURNAL</setSpec><setSpec>uge_dbu_RapidILL_JOURNAL</setSpec><setSpec>uge_mail_RapidILL_JOURNAL</setSpec><setSpec>UNIGE_ALL</setSpec><setSpec>uge_abels_RapidILL_JOURNAL</setSpec><setSpec>uge_acar_RapidILL_JOURNAL</setSpec></header><metadata>
<record xmlns="http://www.loc.gov/MARC21/slim" xmlns:xsi="http://www.w3.org/2001/XMLSchema-instance" xsi:schemaLocation="http://www.loc.gov/MARC21/slim http://www.loc.gov/standards/marcxml/schema/MARC21slim.xsd"><leader>01860nas a2200541 c 4500</leader><controlfield tag="001">991000016839705502</controlfield><controlfield tag="005">20230119193520.0</controlfield><controlfield tag="008">201011c19589999xxu | p       0    |eng|d</controlfield><datafield ind1="7" ind2=" " tag="016"><subfield code="a">208853-8</subfield><subfield code="2">ZDB</subfield></datafield><datafield ind1=" " ind2=" " tag="022"><subfield code="a">1079-7114</subfield></datafield><datafield ind1=" " ind2=" " tag="022"><subfield code="a">0031-9007</subfield></datafield><datafield ind1=" " ind2=" " tag="035"><subfield code="a">(swissbib)225348632-41slsp_network</subfield></datafield><datafield ind1=" " ind2=" " tag="035"><subfield code="a">225348632</subfield><subfield code="9">ExL</subfield></datafield><datafield ind1=" " ind2=" " tag="035"><subfield code="a">(NEBIS)000003868EBI01</subfield></datafield><datafield ind1=" " ind2=" " tag="035"><subfield code="a">(RERO)0068731-41slsp</subfield></datafield><datafield ind1=" " ind2=" " tag="035"><subfield code="a">(IDSBB)000122258DSV01</subfield></datafield><datafield ind1=" " ind2=" " tag="035"><subfield code="a">(EXLNZ-41SLSP_NETWORK)991121932409705501</subfield></datafield><datafield ind1=" " ind2=" " tag="040"><subfield code="a">SzZuIDS NEBIS ETH-BIB</subfield><subfield code="b">ger</subfield><subfield code="e">rda</subfield><subfield code="d">CH-ZuSLS</subfield></datafield><datafield ind1=" " ind2="7" tag="072"><subfield code="a">py</subfield><subfield code="2">rero</subfield></datafield><datafield ind1=" " ind2="7" tag="072"><subfield code="a">py</subfield><subfield code="2">SzZuIDS BS/BE</subfield></datafield><datafield ind1="1" ind2="4" tag="082"><subfield code="a">530</subfield><subfield code="2">15</subfield></datafield><datafield ind1="0" ind2=" " tag="210"><subfield code="a">Phys. rev. lett.</subfield><subfield code="b">Print</subfield></datafield><datafield ind1="0" ind2="0" tag="245"><subfield code="a">Physical review letters</subfield><subfield code="c">publ. by American Physical Society</subfield></datafield><datafield ind1="1" ind2=" " tag="246"><subfield code="a">PRL</subfield></datafield><datafield ind1=" " ind2="1" tag="264"><subfield code="a">New York</subfield><subfield code="b">American Physical Society</subfield></datafield><datafield ind1=" " ind2=" " tag="300"><subfield code="a">Bände</subfield></datafield><datafield ind1=" " ind2=" " tag="310"><subfield code="a">Wöchentlich</subfield></datafield><datafield ind1=" " ind2=" " tag="336"><subfield code="b">txt</subfield><subfield code="2">rdacontent</subfield></datafield><datafield ind1=" " ind2=" " tag="337"><subfield code="b">n</subfield><subfield code="2">rdamedia</subfield></datafield><datafield ind1=" " ind2=" " tag="338"><subfield code="b">nc</subfield><subfield code="2">rdacarrier</subfield></datafield><datafield ind1="0" ind2=" " tag="362"><subfield code="a">Vol. 1 (1958)-</subfield></datafield><datafield ind1=" " ind2=" " tag="500"><subfield code="a">Variante du titre: PRL</subfield></datafield><datafield ind1=" " ind2=" " tag="530"><subfield code="a">Existe aussi en version électronique</subfield></datafield><datafield ind1=" " ind2=" " tag="580"><subfield code="a">A pour suppl.: Physical review index</subfield></datafield><datafield ind1=" " ind2="7" tag="650"><subfield code="a">Physik</subfield><subfield code="2">idszbz</subfield></datafield><datafield ind1=" " ind2="7" tag="650"><subfield code="a">PHYSIK</subfield><subfield code="9">ger</subfield><subfield code="0">(ETHUDK)000014226</subfield><subfield code="2">ethudk</subfield></datafield><datafield ind1=" " ind2="7" tag="650"><subfield code="a">Physique</subfield><subfield code="0">(IDREF)027247015</subfield><subfield code="2">idref</subfield></datafield><datafield ind1=" " ind2="7" tag="655"><subfield code="a">Zeitschrift</subfield><subfield code="2">idszbz</subfield></datafield><datafield ind1=" " ind2="7" tag="655"><subfield code="a">Périodiques</subfield><subfield code="0">(IDREF)02724640X</subfield><subfield code="2">idref</subfield></datafield><datafield ind1=" " ind2="7" tag="655"><subfield code="a">Zeitschrift</subfield><subfield code="2">gnd-content</subfield></datafield><datafield ind1=" " ind2=" " tag="690"><subfield code="a">53</subfield><subfield code="d">Physik (Allgemein)</subfield><subfield code="2">uzb-UK</subfield></datafield><datafield ind1="2" ind2=" " tag="710"><subfield code="6">880-02</subfield><subfield code="a">American Physical Society</subfield><subfield code="0">(IDREF)03219420X</subfield></datafield><datafield ind1="2" ind2=" " tag="880"><subfield code="a">American Physical Society</subfield><subfield code="6">710-02</subfield><subfield code="0">(DE-588)955-6</subfield></datafield><datafield ind1="0" ind2=" " tag="770"><subfield code="t">Physical Review Index</subfield><subfield code="w">(RERO)0078878-41slsp</subfield></datafield><datafield ind1="0" ind2="8" tag="776"><subfield code="i">Erscheint auch als</subfield><subfield code="n">Online-Ausgabe</subfield><subfield code="t">Physical review letters</subfield><subfield code="x">1079-7114</subfield></datafield><datafield ind1="0" ind2=" " tag="770"><subfield code="t">Cumulative author index volumes 46-55(1981-1985)</subfield></datafield><datafield ind1="0" ind2="2" tag="780"><subfield code="t">The physical review. Series 2</subfield><subfield code="w">(NEBIS)000003714EBI01</subfield></datafield><datafield ind1=" " ind2=" " tag="900"><subfield code="a">NEBISnoselfmerge</subfield></datafield><datafield ind1=" " ind2=" " tag="900"><subfield code="a">REROnoselfmerge</subfield></datafield></record>
</metadata></record>