<record><header><identifier>oai:alma.41SLSP_UGE:991000016759705502</identifier><datestamp>2023-06-20T00:26:44Z</datestamp><setSpec>uge_bcen_RapidILL_BOOK</setSpec><setSpec>uge_aaca_RapidILL_BOOK</setSpec><setSpec>uge_abels_RapidILL_BOOK</setSpec><setSpec>uge_dbu_RapidILL_BOOK</setSpec><setSpec>uge_cmu_RapidILL_BOOK</setSpec><setSpec>uge_mail_RapidILL_BOOK</setSpec><setSpec>uge_abbat_RapidILL_BOOK</setSpec><setSpec>UNIGE_ALL</setSpec><setSpec>uge_aobs_RapidILL_BOOK</setSpec><setSpec>uge_acar_RapidILL_BOOK</setSpec></header><metadata>
<record xmlns="http://www.loc.gov/MARC21/slim" xmlns:xsi="http://www.w3.org/2001/XMLSchema-instance" xsi:schemaLocation="http://www.loc.gov/MARC21/slim http://www.loc.gov/standards/marcxml/schema/MARC21slim.xsd"><leader>03358nam a2200709 c 4500</leader><controlfield tag="001">991000016759705502</controlfield><controlfield tag="005">20230619195751.0</controlfield><controlfield tag="008">201011s2014    xxu||||| |||| 00| ||eng d</controlfield><datafield ind1=" " ind2=" " tag="010"><subfield code="a">2013049429</subfield></datafield><datafield ind1=" " ind2=" " tag="020"><subfield code="a">0821894943</subfield><subfield code="q">pbk. : acidfree paper</subfield></datafield><datafield ind1=" " ind2=" " tag="020"><subfield code="a">9780821894941</subfield><subfield code="q">pbk. : acidfree paper</subfield></datafield><datafield ind1=" " ind2=" " tag="035"><subfield code="a">(swissbib)217243924-41slsp_network</subfield></datafield><datafield ind1=" " ind2=" " tag="035"><subfield code="a">217243924</subfield><subfield code="9">ExL</subfield></datafield><datafield ind1=" " ind2=" " tag="035"><subfield code="a">(RERO)R008034924-41slsp</subfield></datafield><datafield ind1=" " ind2=" " tag="035"><subfield code="a">(NEBIS)010240410EBI01</subfield></datafield><datafield ind1=" " ind2=" " tag="035"><subfield code="a">(OCoLC)866253160</subfield></datafield><datafield ind1=" " ind2=" " tag="035"><subfield code="a">(EXLNZ-41SLSP_NETWORK)991076208329705501</subfield></datafield><datafield ind1=" " ind2=" " tag="040"><subfield code="a">DLC</subfield><subfield code="d">CH-ZuSLS</subfield></datafield><datafield ind1=" " ind2="0" tag="050"><subfield code="a">QA565</subfield><subfield code="b">.I54 2014</subfield></datafield><datafield ind1=" " ind2="7" tag="072"><subfield code="a">ma</subfield><subfield code="2">rero</subfield></datafield><datafield ind1="0" ind2="0" tag="082"><subfield code="a">516.3/5</subfield><subfield code="2">23</subfield></datafield><datafield ind1=" " ind2=" " tag="084"><subfield code="a">14</subfield><subfield code="2">msc</subfield></datafield><datafield ind1=" " ind2=" " tag="084"><subfield code="a">53</subfield><subfield code="2">msc</subfield></datafield><datafield ind1=" " ind2=" " tag="084"><subfield code="a">55</subfield><subfield code="2">msc</subfield></datafield><datafield ind1="0" ind2="0" tag="245"><subfield code="a">&lt;&lt;The&gt;&gt; influence of Solomon Lefschetz in geometry and topology</subfield><subfield code="b">50 years of mathematics at CINVESTAV</subfield><subfield code="c">Ludmil Katzarkov ... [et al.], editors</subfield></datafield><datafield ind1=" " ind2="1" tag="264"><subfield code="a">Providence, R.I.</subfield><subfield code="b">American Mathematical Society</subfield><subfield code="c">2014</subfield></datafield><datafield ind1=" " ind2=" " tag="300"><subfield code="a">226 S.</subfield><subfield code="b">Ill.</subfield></datafield><datafield ind1=" " ind2=" " tag="336"><subfield code="b">txt</subfield><subfield code="2">rdacontent</subfield></datafield><datafield ind1=" " ind2=" " tag="337"><subfield code="b">n</subfield><subfield code="2">rdamedia</subfield></datafield><datafield ind1=" " ind2=" " tag="338"><subfield code="b">nc</subfield><subfield code="2">rdacarrier</subfield></datafield><datafield ind1="1" ind2=" " tag="490"><subfield code="a">Contemporary mathematics</subfield><subfield code="v">621</subfield></datafield><datafield ind1=" " ind2=" " tag="500"><subfield code="a">Center for Reaserch and Advanced Studies in Mexico (CINESTAV)</subfield></datafield><datafield ind1=" " ind2=" " tag="504"><subfield code="a">Includes bibliographical references.</subfield></datafield><datafield ind1="1" ind2="0" tag="600"><subfield code="a">Lefschetz, Solomon</subfield><subfield code="d">1884-1972</subfield></datafield><datafield ind1="1" ind2="7" tag="600"><subfield code="a">Lefschetz, Solomon</subfield><subfield code="d">1884-1972</subfield><subfield code="0">(IDREF)032543808</subfield><subfield code="2">idref</subfield></datafield><datafield ind1="1" ind2="7" tag="600"><subfield code="a">Lefschetz, Solomon</subfield><subfield code="d">1884-1972</subfield><subfield code="0">(DE-588)117714895</subfield><subfield code="2">gnd</subfield></datafield><datafield ind1="2" ind2="0" tag="610"><subfield code="a">Centro de Investigación y de Estudios Avanzados del I.P.N</subfield></datafield><datafield ind1="2" ind2="0" tag="610"><subfield code="a">Institute for Geometry and Physics Miami-Cinvestav-Campinas</subfield></datafield><datafield ind1=" " ind2="7" tag="650"><subfield code="a">Topologie algébrique</subfield><subfield code="0">(IDREF)027720012</subfield><subfield code="2">idref</subfield></datafield><datafield ind1=" " ind2="7" tag="650"><subfield code="a">Géométrie algébrique</subfield><subfield code="0">(IDREF)027228002</subfield><subfield code="2">idref</subfield></datafield><datafield ind1=" " ind2="7" tag="650"><subfield code="a">Topologie</subfield><subfield code="0">(IDREF)027394247</subfield><subfield code="2">idref</subfield></datafield><datafield ind1=" " ind2="0" tag="650"><subfield code="a">Algebraic topology</subfield></datafield><datafield ind1=" " ind2="0" tag="650"><subfield code="a">Geometry, Algebraic</subfield></datafield><datafield ind1=" " ind2="0" tag="650"><subfield code="a">Topology</subfield></datafield><datafield ind1=" " ind2="7" tag="650"><subfield code="a">Algebraic geometry -- Proceedings, conferences, collections, etc</subfield><subfield code="2">msc</subfield></datafield><datafield ind1=" " ind2="7" tag="650"><subfield code="a">Differential geometry -- Proceedings, conferences, collections, etc</subfield><subfield code="2">msc</subfield></datafield><datafield ind1=" " ind2="7" tag="650"><subfield code="a">Algebraic topology -- Proceedings, conferences, collections, etc</subfield><subfield code="2">msc</subfield></datafield><datafield ind1=" " ind2="7" tag="650"><subfield code="a">ALGEBRAISCHE GEOMETRIE</subfield><subfield code="9">ger</subfield><subfield code="0">(ETHUDK)000012798</subfield><subfield code="2">ethudk</subfield></datafield><datafield ind1=" " ind2="7" tag="650"><subfield code="a">ALGEBRAISCHE TOPOLOGIE</subfield><subfield code="9">ger</subfield><subfield code="0">(ETHUDK)000013041</subfield><subfield code="2">ethudk</subfield></datafield><datafield ind1=" " ind2="7" tag="650"><subfield code="a">DIFFERENTIALGEOMETRIE</subfield><subfield code="9">ger</subfield><subfield code="0">(ETHUDK)000012920</subfield><subfield code="2">ethudk</subfield></datafield><datafield ind1=" " ind2="7" tag="650"><subfield code="a">FESTSCHRIFTEN, GEDENKSCHRIFTEN FÜR PERSONEN (DOKUMENTENTYP)</subfield><subfield code="9">ger</subfield><subfield code="0">(ETHUDK)000009348</subfield><subfield code="2">ethudk</subfield></datafield><datafield ind1=" " ind2="7" tag="650"><subfield code="a">MATHEMATIKGESCHICHTE</subfield><subfield code="9">ger</subfield><subfield code="0">(ETHUDK)000041256</subfield><subfield code="2">ethudk</subfield></datafield><datafield ind1=" " ind2="7" tag="650"><subfield code="a">MEXIKO (ZENTRALAMERIKA). VEREINIGTE MEXIKANISCHE STAATEN</subfield><subfield code="9">ger</subfield><subfield code="0">(ETHUDK)000007665</subfield><subfield code="2">ethudk</subfield></datafield><datafield ind1="1" ind2=" " tag="700"><subfield code="a">Katzarkov, Ludmil</subfield><subfield code="0">(IDREF)111705908</subfield></datafield><datafield ind1="2" ind2=" " tag="710"><subfield code="a">American mathematical society</subfield><subfield code="0">(IDREF)03160997X</subfield></datafield><datafield ind1="4" ind2=" " tag="856"><subfield code="3">Titelblatt und Inhaltsverzeichnis</subfield><subfield code="u">https://toc.library.ethz.ch/objects/pdf03/e01_978-0-8218-9494-1_01.pdf</subfield><subfield code="q">pdf</subfield></datafield><datafield ind1="4" ind2=" " tag="856"><subfield code="3">Abstract / Autoreninformation</subfield><subfield code="u">https://toc.library.ethz.ch/objects/pdf03/e01_978-0-8218-9494-1_02.pdf</subfield><subfield code="q">pdf</subfield></datafield><datafield ind1=" " ind2="0" tag="830"><subfield code="a">Contemporary mathematics</subfield><subfield code="p">American Mathematical Society</subfield><subfield code="v">621</subfield><subfield code="w">(RERO)0588732-41slsp</subfield></datafield><datafield ind1=" " ind2="0" tag="830"><subfield code="a">Contemporary mathematics</subfield><subfield code="v">621</subfield><subfield code="w">(NEBIS)000016372EBI01</subfield></datafield><datafield ind1=" " ind2=" " tag="911"><subfield code="a">700</subfield><subfield code="a">Lupercio, Ernesto</subfield><subfield code="d">1970-</subfield></datafield><datafield ind1=" " ind2=" " tag="911"><subfield code="a">700</subfield><subfield code="a">Turrubiates, Francisco J</subfield><subfield code="d">1970-</subfield></datafield><datafield ind1=" " ind2=" " tag="949"><subfield code="a">https://toc.library.ethz.ch/objects/pdf03/e01_978-0-8218-9494-1_01.pdf</subfield></datafield><datafield ind1=" " ind2=" " tag="949"><subfield code="a">https://toc.library.ethz.ch/objects/pdf03/e01_978-0-8218-9494-1_02.pdf</subfield></datafield></record>
</metadata></record>