<record><header><identifier>oai:alma.41SLSP_UGE:991000016549705502</identifier><datestamp>2023-06-10T00:21:48Z</datestamp><setSpec>uge_bcen_RapidILL_BOOK</setSpec><setSpec>uge_aaca_RapidILL_BOOK</setSpec><setSpec>uge_abels_RapidILL_BOOK</setSpec><setSpec>uge_dbu_RapidILL_BOOK</setSpec><setSpec>uge_cmu_RapidILL_BOOK</setSpec><setSpec>uge_mail_RapidILL_BOOK</setSpec><setSpec>uge_abbat_RapidILL_BOOK</setSpec><setSpec>UNIGE_ALL</setSpec><setSpec>uge_acar_RapidILL_BOOK</setSpec><setSpec>uge_aobs_RapidILL_BOOK</setSpec></header><metadata>
<record xmlns="http://www.loc.gov/MARC21/slim" xmlns:xsi="http://www.w3.org/2001/XMLSchema-instance" xsi:schemaLocation="http://www.loc.gov/MARC21/slim http://www.loc.gov/standards/marcxml/schema/MARC21slim.xsd"><leader>02049nam a2200517 c 4500</leader><controlfield tag="001">991000016549705502</controlfield><controlfield tag="005">20201229211940.0</controlfield><controlfield tag="008">201011s1985    gw ||||| |||| 00| ||ger d</controlfield><datafield ind1=" " ind2=" " tag="020"><subfield code="a">3618606605</subfield><subfield code="q">Ln.</subfield></datafield><datafield ind1=" " ind2=" " tag="020"><subfield code="a">3618606656</subfield><subfield code="q">Ld.</subfield></datafield><datafield ind1=" " ind2=" " tag="035"><subfield code="a">(swissbib)215038266-41slsp_network</subfield></datafield><datafield ind1=" " ind2=" " tag="035"><subfield code="a">215038266</subfield><subfield code="9">ExL</subfield></datafield><datafield ind1=" " ind2=" " tag="035"><subfield code="a">(RERO)0678411-41slsp</subfield></datafield><datafield ind1=" " ind2=" " tag="035"><subfield code="a">(IDSBB)001359794DSV01</subfield></datafield><datafield ind1=" " ind2=" " tag="035"><subfield code="a">(EXLNZ-41SLSP_NETWORK)991032067439705501</subfield></datafield><datafield ind1=" " ind2=" " tag="040"><subfield code="a">RERO geulal</subfield><subfield code="d">CH-ZuSLS</subfield></datafield><datafield ind1=" " ind2="7" tag="072"><subfield code="a">al</subfield><subfield code="2">rero</subfield></datafield><datafield ind1=" " ind2="7" tag="072"><subfield code="a">nd</subfield><subfield code="2">SzZuIDS BS/BE</subfield></datafield><datafield ind1=" " ind2="7" tag="072"><subfield code="a">vk</subfield><subfield code="2">SzZuIDS BS/BE</subfield></datafield><datafield ind1="1" ind2="4" tag="082"><subfield code="a">390</subfield><subfield code="2">15</subfield></datafield><datafield ind1="1" ind2="4" tag="082"><subfield code="a">830</subfield><subfield code="2">15</subfield></datafield><datafield ind1=" " ind2=" " tag="084"><subfield code="a">GB 2705</subfield><subfield code="2">rvk</subfield></datafield><datafield ind1=" " ind2=" " tag="084"><subfield code="a">GB 2706</subfield><subfield code="2">rvk</subfield></datafield><datafield ind1=" " ind2=" " tag="084"><subfield code="a">GE 6701</subfield><subfield code="2">rvk</subfield></datafield><datafield ind1=" " ind2=" " tag="084"><subfield code="a">GE 6923</subfield><subfield code="2">rvk</subfield></datafield><datafield ind1="1" ind2=" " tag="100"><subfield code="6">880-01</subfield><subfield code="a">Grimm, Jacob</subfield><subfield code="d">1785-1863</subfield><subfield code="0">(IDREF)026903458</subfield><subfield code="4">cre</subfield></datafield><datafield ind1="1" ind2=" " tag="880"><subfield code="a">Grimm, Jacob</subfield><subfield code="d">1785-1863</subfield><subfield code="0">(DE-588)118542257</subfield><subfield code="6">100-01</subfield></datafield><datafield ind1="1" ind2="0" tag="245"><subfield code="a">Kinder- und Hausmärchen</subfield><subfield code="c">gesammelt durch die Brüder Grimm ; hrsg. von Heinz Rölleke</subfield></datafield><datafield ind1="1" ind2=" " tag="246"><subfield code="a">Grimms Märchen</subfield></datafield><datafield ind1=" " ind2=" " tag="250"><subfield code="a">Vollständige Ausgabe auf der Grundlage der 3. Aufl. 1837</subfield><subfield code="b">hrsg. von Heinz Rölleke</subfield></datafield><datafield ind1=" " ind2="1" tag="264"><subfield code="a">Frankfurt a.M.</subfield><subfield code="b">Deutscher Klassiker Verl.</subfield><subfield code="c">1985</subfield></datafield><datafield ind1=" " ind2=" " tag="300"><subfield code="a">1302 S.</subfield><subfield code="c">18 cm</subfield></datafield><datafield ind1=" " ind2=" " tag="336"><subfield code="b">txt</subfield><subfield code="2">rdacontent</subfield></datafield><datafield ind1=" " ind2=" " tag="337"><subfield code="b">n</subfield><subfield code="2">rdamedia</subfield></datafield><datafield ind1=" " ind2=" " tag="338"><subfield code="b">nc</subfield><subfield code="2">rdacarrier</subfield></datafield><datafield ind1="1" ind2=" " tag="490"><subfield code="a">Bibliothek deutscher Klassiker</subfield><subfield code="v">5</subfield></datafield><datafield ind1=" " ind2=" " tag="500"><subfield code="a">Umschlagtitel: Grimms Märchen : neue kommentierte Edition sämtlicher Märchen und ihrer Anmerkungen nach der zentralen Ausgabe von 1837</subfield></datafield><datafield ind1=" " ind2=" " tag="500"><subfield code="a">Einheitssachtitel: Kinder- und Hausmärchen</subfield></datafield><datafield ind1=" " ind2="7" tag="650"><subfield code="a">Märchen</subfield><subfield code="z">deutsches</subfield><subfield code="v">Text</subfield><subfield code="2">idsbb</subfield></datafield><datafield ind1="1" ind2=" " tag="700"><subfield code="a">Grimm, Wilhelm</subfield><subfield code="d">1786-1859</subfield><subfield code="0">(DE-588)118542265</subfield><subfield code="6">880-02</subfield></datafield><datafield ind1="1" ind2=" " tag="880"><subfield code="6">700-02</subfield><subfield code="a">Grimm, Wilhelm</subfield><subfield code="d">1786-1859</subfield><subfield code="0">(IDREF)026903466</subfield></datafield><datafield ind1="1" ind2=" " tag="700"><subfield code="a">Rölleke, Heinz</subfield><subfield code="d">1936-2023</subfield><subfield code="0">(DE-588)117744727</subfield><subfield code="6">880-03</subfield></datafield><datafield ind1="1" ind2=" " tag="880"><subfield code="6">700-03</subfield><subfield code="a">Rölleke, Heinz</subfield><subfield code="d">1936-....</subfield><subfield code="0">(IDREF)028349881</subfield></datafield><datafield ind1="0" ind2=" " tag="730"><subfield code="a">Kinder- und Hausmärchen</subfield></datafield><datafield ind1=" " ind2=" " tag="830"><subfield code="a">Bibliothek deutscher Klassiker</subfield><subfield code="p">Deutscher Klassiker Verl</subfield><subfield code="v">5</subfield><subfield code="w">(RERO)0678333-41slsp</subfield></datafield><datafield ind1=" " ind2=" " tag="830"><subfield code="a">Bibliothek deutscher Klassiker</subfield><subfield code="v">5</subfield><subfield code="w">(IDSBB)000162942DSV01</subfield></datafield><datafield ind1=" " ind2=" " tag="900"><subfield code="a">REROnoselfmerge</subfield></datafield></record>
</metadata></record>