<record><header><identifier>oai:alma.41SLSP_UGE:991000017479705502</identifier><datestamp>2023-06-20T00:24:31Z</datestamp><setSpec>uge_bcen_RapidILL_BOOK</setSpec><setSpec>uge_aaca_RapidILL_BOOK</setSpec><setSpec>uge_abels_RapidILL_BOOK</setSpec><setSpec>uge_dbu_RapidILL_BOOK</setSpec><setSpec>uge_cmu_RapidILL_BOOK</setSpec><setSpec>uge_mail_RapidILL_BOOK</setSpec><setSpec>uge_abbat_RapidILL_BOOK</setSpec><setSpec>UNIGE_ALL</setSpec><setSpec>uge_acar_RapidILL_BOOK</setSpec><setSpec>uge_aobs_RapidILL_BOOK</setSpec></header><metadata>
<record xmlns="http://www.loc.gov/MARC21/slim" xmlns:xsi="http://www.w3.org/2001/XMLSchema-instance" xsi:schemaLocation="http://www.loc.gov/MARC21/slim http://www.loc.gov/standards/marcxml/schema/MARC21slim.xsd"><leader>03154nam a2200781 c 4500</leader><controlfield tag="001">991000017479705502</controlfield><controlfield tag="005">20230619204046.0</controlfield><controlfield tag="008">201012s2007    xxu||||| |||| 00| ||eng d</controlfield><datafield ind1=" " ind2=" " tag="015"><subfield code="a">GBA518582</subfield><subfield code="2">bnb</subfield></datafield><datafield ind1=" " ind2=" " tag="020"><subfield code="a">0674017765</subfield><subfield code="q">hbk.</subfield><subfield code="c">£31.95</subfield></datafield><datafield ind1=" " ind2=" " tag="020"><subfield code="a">9780674017764</subfield><subfield code="q">cloth. alk. paper</subfield></datafield><datafield ind1=" " ind2=" " tag="035"><subfield code="a">(swissbib)241588375-41slsp_network</subfield></datafield><datafield ind1=" " ind2=" " tag="035"><subfield code="a">241588375</subfield><subfield code="9">ExL</subfield></datafield><datafield ind1=" " ind2=" " tag="035"><subfield code="a">(RERO)R004847468-41slsp</subfield></datafield><datafield ind1=" " ind2=" " tag="035"><subfield code="a">(NEBIS)004948751EBI01</subfield></datafield><datafield ind1=" " ind2=" " tag="035"><subfield code="a">(IDSBB)003609904DSV01</subfield></datafield><datafield ind1=" " ind2=" " tag="035"><subfield code="a">(EXLNZ-41SLSP_NETWORK)991033147909705501</subfield></datafield><datafield ind1=" " ind2=" " tag="040"><subfield code="a">StDuBDS</subfield><subfield code="d">CH-ZuSLS</subfield></datafield><datafield ind1=" " ind2="7" tag="072"><subfield code="a">sp</subfield><subfield code="2">rero</subfield></datafield><datafield ind1=" " ind2="7" tag="072"><subfield code="a">ga</subfield><subfield code="2">SzZuIDS BS/BE</subfield></datafield><datafield ind1=" " ind2="7" tag="072"><subfield code="a">po</subfield><subfield code="2">SzZuIDS BS/BE</subfield></datafield><datafield ind1="0" ind2="4" tag="082"><subfield code="a">320.95209 034</subfield><subfield code="2">22</subfield></datafield><datafield ind1="0" ind2="4" tag="082"><subfield code="a">320.95209/034</subfield><subfield code="2">22</subfield></datafield><datafield ind1="1" ind2="4" tag="082"><subfield code="a">320</subfield><subfield code="2">15</subfield></datafield><datafield ind1="1" ind2="4" tag="082"><subfield code="a">900</subfield><subfield code="2">15</subfield></datafield><datafield ind1="1" ind2=" " tag="100"><subfield code="a">Kim, Kyu Hyun</subfield><subfield code="d">1963-</subfield><subfield code="0">(DE-588)136366899</subfield><subfield code="6">880-01</subfield></datafield><datafield ind1="1" ind2=" " tag="880"><subfield code="6">100-01</subfield><subfield code="a">Kim, Kyu Hyun</subfield><subfield code="d">1963-....</subfield><subfield code="0">(IDREF)25059658X</subfield><subfield code="4">cre</subfield></datafield><datafield ind1="1" ind2="0" tag="245"><subfield code="a">&lt;&lt;The&gt;&gt; age of visions and arguments</subfield><subfield code="b">parliamentarianism and the national public sphere in early Meiji Japan</subfield><subfield code="c">Kyu Hyun Kim</subfield></datafield><datafield ind1=" " ind2="1" tag="264"><subfield code="a">Cambridge, Mass.</subfield><subfield code="b">Harvard University Press</subfield><subfield code="c">2007</subfield></datafield><datafield ind1=" " ind2=" " tag="300"><subfield code="a">520 S.</subfield><subfield code="b">Ill.</subfield></datafield><datafield ind1=" " ind2=" " tag="336"><subfield code="b">txt</subfield><subfield code="2">rdacontent</subfield></datafield><datafield ind1=" " ind2=" " tag="337"><subfield code="b">n</subfield><subfield code="2">rdamedia</subfield></datafield><datafield ind1=" " ind2=" " tag="338"><subfield code="b">nc</subfield><subfield code="2">rdacarrier</subfield></datafield><datafield ind1="1" ind2=" " tag="490"><subfield code="a">Harvard East Asian monographs</subfield><subfield code="v">247</subfield></datafield><datafield ind1="1" ind2="0" tag="610"><subfield code="a">Japan</subfield><subfield code="b">Teikoku Gikai</subfield><subfield code="x">History</subfield></datafield><datafield ind1=" " ind2="7" tag="648"><subfield code="a">Geschichte 1850-1900</subfield><subfield code="2">idszbz</subfield></datafield><datafield ind1=" " ind2="7" tag="648"><subfield code="a">Geschichte 1868-1890</subfield><subfield code="2">idszbz</subfield></datafield><datafield ind1=" " ind2="7" tag="648"><subfield code="a">Geschichte 1868-1890</subfield><subfield code="2">gnd</subfield></datafield><datafield ind1=" " ind2="0" tag="650"><subfield code="a">Civil rights movement</subfield><subfield code="x">History</subfield><subfield code="z">Japan</subfield><subfield code="y">19th century</subfield></datafield><datafield ind1=" " ind2="0" tag="650"><subfield code="a">Political participation</subfield><subfield code="x">History</subfield><subfield code="z">Japan</subfield><subfield code="y">19th century</subfield></datafield><datafield ind1=" " ind2="0" tag="650"><subfield code="a">Representative government and representation</subfield><subfield code="x">History</subfield><subfield code="z">Japan</subfield></datafield><datafield ind1=" " ind2="7" tag="650"><subfield code="a">Gouvernement</subfield><subfield code="0">(IDREF)027793672</subfield><subfield code="2">idref</subfield></datafield><datafield ind1=" " ind2="7" tag="650"><subfield code="a">politique</subfield><subfield code="0">(RERO)A010009334</subfield><subfield code="2">rerovoc</subfield></datafield><datafield ind1=" " ind2="7" tag="650"><subfield code="a">1868-1912</subfield><subfield code="2">rero</subfield></datafield><datafield ind1=" " ind2="7" tag="650"><subfield code="a">19e siècle</subfield><subfield code="0">(IDREF)027794059</subfield><subfield code="2">idref</subfield></datafield><datafield ind1=" " ind2="7" tag="650"><subfield code="a">Intérêt général</subfield><subfield code="0">(IDREF)027832279</subfield><subfield code="2">idref</subfield></datafield><datafield ind1=" " ind2="7" tag="650"><subfield code="a">Parlamentarismus</subfield><subfield code="2">idszbz</subfield></datafield><datafield ind1=" " ind2="7" tag="650"><subfield code="a">Politik</subfield><subfield code="2">idszbz</subfield></datafield><datafield ind1=" " ind2="7" tag="650"><subfield code="a">Öffentlichkeit</subfield><subfield code="2">idszbz</subfield></datafield><datafield ind1=" " ind2="7" tag="650"><subfield code="a">Öffentlichkeit</subfield><subfield code="0">(DE-588)4043183-6</subfield><subfield code="2">gnd</subfield></datafield><datafield ind1=" " ind2="7" tag="650"><subfield code="a">Parlamentarismus</subfield><subfield code="0">(DE-588)4044696-7</subfield><subfield code="2">gnd</subfield></datafield><datafield ind1=" " ind2="7" tag="650"><subfield code="a">Politik</subfield><subfield code="0">(DE-588)4046514-7</subfield><subfield code="2">gnd</subfield></datafield><datafield ind1=" " ind2="0" tag="650"><subfield code="a">Public interest</subfield><subfield code="z">Japan</subfield><subfield code="x">History</subfield><subfield code="y">19th century</subfield></datafield><datafield ind1=" " ind2="7" tag="650"><subfield code="a">Grundrechte</subfield><subfield code="z">Japan</subfield><subfield code="y">Geschichte 19. Jh</subfield><subfield code="2">idsbb</subfield></datafield><datafield ind1=" " ind2="7" tag="650"><subfield code="a">Politische Partizipation</subfield><subfield code="z">Japan</subfield><subfield code="y">Geschichte 19. Jh</subfield><subfield code="2">idsbb</subfield></datafield><datafield ind1=" " ind2="0" tag="651"><subfield code="a">Japan</subfield><subfield code="x">Politics and government</subfield><subfield code="y">1868-</subfield></datafield><datafield ind1=" " ind2="7" tag="651"><subfield code="a">Japon</subfield><subfield code="0">(IDREF)027262162</subfield><subfield code="2">idref</subfield></datafield><datafield ind1=" " ind2="7" tag="651"><subfield code="a">Japan</subfield><subfield code="2">idszbz</subfield></datafield><datafield ind1=" " ind2="7" tag="651"><subfield code="a">Japan</subfield><subfield code="0">(DE-588)4028495-5</subfield><subfield code="2">gnd</subfield></datafield><datafield ind1=" " ind2="0" tag="651"><subfield code="a">Japan</subfield><subfield code="x">Politics and government</subfield><subfield code="y">1868-1912</subfield></datafield><datafield ind1=" " ind2=" " tag="690"><subfield code="a">Japan</subfield><subfield code="2">uzb-UW</subfield></datafield><datafield ind1=" " ind2=" " tag="690"><subfield code="a">Politik</subfield><subfield code="2">uzb-UW</subfield></datafield><datafield ind1=" " ind2=" " tag="690"><subfield code="a">Parlament</subfield><subfield code="2">uzb-UW</subfield></datafield><datafield ind1=" " ind2=" " tag="690"><subfield code="a">Meiji-Zeit (1868-1912)</subfield><subfield code="2">uzb-UW</subfield></datafield><datafield ind1="4" ind2=" " tag="856"><subfield code="3">Titelblatt und Inhaltsverzeichnis</subfield><subfield code="u">https://toc.library.ethz.ch/objects/pdf/z01_978-0-674-01776-4_01.pdf</subfield><subfield code="q">pdf</subfield></datafield><datafield ind1=" " ind2="0" tag="830"><subfield code="a">Harvard East Asian Monographs</subfield><subfield code="v">247</subfield><subfield code="w">(RERO)0101257-41slsp</subfield></datafield><datafield ind1=" " ind2="0" tag="830"><subfield code="a">Harvard East Asian monographs</subfield><subfield code="v">247</subfield><subfield code="w">(IDSBB)000109661DSV01</subfield></datafield><datafield ind1=" " ind2=" " tag="900"><subfield code="a">IDSZ2zbzmon200805f</subfield><subfield code="c">IDSZ2sage</subfield><subfield code="d">IDSZ2zbzswk200806b</subfield><subfield code="e">IDSZ2brue</subfield></datafield><datafield ind1=" " ind2=" " tag="949"><subfield code="a">https://toc.library.ethz.ch/objects/pdf/z01_978-0-674-01776-4_01.pdf</subfield></datafield></record>
</metadata></record>