<record><header><identifier>oai:alma.41SLSP_UGE:991000016539705502</identifier><datestamp>2023-06-27T00:14:21Z</datestamp><setSpec>uge_bcen_RapidILL_BOOK</setSpec><setSpec>uge_aaca_RapidILL_BOOK</setSpec><setSpec>uge_abels_RapidILL_BOOK</setSpec><setSpec>uge_dbu_RapidILL_BOOK</setSpec><setSpec>uge_cmu_RapidILL_BOOK</setSpec><setSpec>uge_mail_RapidILL_BOOK</setSpec><setSpec>uge_abbat_RapidILL_BOOK</setSpec><setSpec>UNIGE_ALL</setSpec><setSpec>uge_aobs_RapidILL_BOOK</setSpec><setSpec>uge_acar_RapidILL_BOOK</setSpec></header><metadata>
<record xmlns="http://www.loc.gov/MARC21/slim" xmlns:xsi="http://www.w3.org/2001/XMLSchema-instance" xsi:schemaLocation="http://www.loc.gov/MARC21/slim http://www.loc.gov/standards/marcxml/schema/MARC21slim.xsd"><leader>02441nam a2200649 c 4500</leader><controlfield tag="001">991000016539705502</controlfield><controlfield tag="005">20230625134827.0</controlfield><controlfield tag="008">201012t19911991xxc||||| |||| 00| ||eng d</controlfield><datafield ind1=" " ind2=" " tag="020"><subfield code="a">0919123481</subfield></datafield><datafield ind1=" " ind2=" " tag="035"><subfield code="a">(swissbib)237735520-41slsp_network</subfield></datafield><datafield ind1=" " ind2=" " tag="035"><subfield code="a">237735520</subfield><subfield code="9">ExL</subfield></datafield><datafield ind1=" " ind2=" " tag="035"><subfield code="a">(RERO)1513430-41slsp</subfield></datafield><datafield ind1=" " ind2=" " tag="035"><subfield code="a">(NEBIS)001159617EBI01</subfield></datafield><datafield ind1=" " ind2=" " tag="035"><subfield code="a">(IDSBB)000955238DSV01</subfield></datafield><datafield ind1=" " ind2=" " tag="035"><subfield code="a">(EXLNZ-41SLSP_NETWORK)991072948659705501</subfield></datafield><datafield ind1=" " ind2=" " tag="040"><subfield code="a">RERO labcud</subfield><subfield code="d">CH-ZuSLS</subfield></datafield><datafield ind1=" " ind2="7" tag="072"><subfield code="a">ps</subfield><subfield code="2">rero</subfield></datafield><datafield ind1=" " ind2="7" tag="072"><subfield code="a">ps</subfield><subfield code="2">SzZuIDS BS/BE</subfield></datafield><datafield ind1="0" ind2="0" tag="082"><subfield code="a">150.19/54</subfield><subfield code="2">20</subfield></datafield><datafield ind1="0" ind2="4" tag="082"><subfield code="a">150.19/54/03</subfield><subfield code="2">20</subfield></datafield><datafield ind1="0" ind2="4" tag="082"><subfield code="a">150.1954 UKP</subfield></datafield><datafield ind1="1" ind2="4" tag="082"><subfield code="a">150</subfield><subfield code="2">15</subfield></datafield><datafield ind1=" " ind2=" " tag="084"><subfield code="a">CU 2583</subfield><subfield code="2">rvk</subfield></datafield><datafield ind1="1" ind2=" " tag="100"><subfield code="a">Sharp, Daryl</subfield><subfield code="d">1936-</subfield><subfield code="0">(DE-588)113998503</subfield><subfield code="6">880-01</subfield></datafield><datafield ind1="1" ind2=" " tag="880"><subfield code="6">100-01</subfield><subfield code="a">Sharp, Daryl</subfield><subfield code="d">1936-....</subfield><subfield code="0">(IDREF)028975901</subfield><subfield code="4">cre</subfield></datafield><datafield ind1="1" ind2="0" tag="245"><subfield code="a">Jung lexicon</subfield><subfield code="b">a primer of terms &amp; concepts</subfield><subfield code="c">Daryl Sharp</subfield></datafield><datafield ind1="1" ind2=" " tag="246"><subfield code="a">C. G. Jung lexicon</subfield></datafield><datafield ind1=" " ind2="1" tag="264"><subfield code="a">Toronto</subfield><subfield code="b">Inner City books</subfield><subfield code="c">[1991]</subfield></datafield><datafield ind1=" " ind2="4" tag="264"><subfield code="c">© 1991</subfield></datafield><datafield ind1=" " ind2=" " tag="300"><subfield code="a">159 p.</subfield><subfield code="b">portr., ill.</subfield><subfield code="c">22 cm</subfield></datafield><datafield ind1=" " ind2=" " tag="336"><subfield code="b">txt</subfield><subfield code="2">rdacontent</subfield></datafield><datafield ind1=" " ind2=" " tag="337"><subfield code="b">n</subfield><subfield code="2">rdamedia</subfield></datafield><datafield ind1=" " ind2=" " tag="338"><subfield code="b">nc</subfield><subfield code="2">rdacarrier</subfield></datafield><datafield ind1="1" ind2=" " tag="490"><subfield code="a">Studies in Jungian psychology by Jungian analysts</subfield><subfield code="v">47</subfield></datafield><datafield ind1=" " ind2=" " tag="500"><subfield code="a">Umschlagtitel: C. G. Jung lexicon</subfield></datafield><datafield ind1=" " ind2=" " tag="504"><subfield code="a">Literaturverz.</subfield></datafield><datafield ind1="1" ind2="7" tag="600"><subfield code="a">Jung, Carl Gustav</subfield><subfield code="d">1875-1961</subfield><subfield code="0">(IDREF)026943204</subfield><subfield code="2">idref</subfield></datafield><datafield ind1="1" ind2="7" tag="600"><subfield code="a">Jung, Carl G</subfield><subfield code="2">idszbz</subfield></datafield><datafield ind1="1" ind2="0" tag="600"><subfield code="a">Jung, C. G</subfield><subfield code="q">Carl Gustav</subfield><subfield code="d">1875-1961</subfield><subfield code="v">Dictionaries</subfield></datafield><datafield ind1="1" ind2="0" tag="600"><subfield code="a">Jung, C. G</subfield><subfield code="q">Carl Gustav</subfield><subfield code="d">1875-1961</subfield><subfield code="x">Dictionaries</subfield></datafield><datafield ind1=" " ind2="7" tag="650"><subfield code="a">Concepts</subfield><subfield code="0">(IDREF)027310337</subfield><subfield code="2">idref</subfield></datafield><datafield ind1=" " ind2="7" tag="650"><subfield code="a">Terminologie</subfield><subfield code="0">(IDREF)027791300</subfield><subfield code="2">idref</subfield></datafield><datafield ind1=" " ind2="7" tag="650"><subfield code="a">Psychologie jungienne</subfield><subfield code="0">(IDREF)034206981</subfield><subfield code="2">idref</subfield></datafield><datafield ind1=" " ind2="7" tag="650"><subfield code="a">Analytische Psychologie</subfield><subfield code="2">idszbz</subfield></datafield><datafield ind1=" " ind2="7" tag="650"><subfield code="a">Englisch</subfield><subfield code="2">idszbz</subfield></datafield><datafield ind1=" " ind2="7" tag="650"><subfield code="a">Analytische Psychologie</subfield><subfield code="0">(DE-588)4129506-7</subfield><subfield code="2">gnd</subfield></datafield><datafield ind1=" " ind2="7" tag="650"><subfield code="a">Wörterbuch</subfield><subfield code="0">(DE-588)4066724-8</subfield><subfield code="2">gnd</subfield></datafield><datafield ind1=" " ind2="0" tag="650"><subfield code="a">Information technology</subfield><subfield code="z">Soviet Union</subfield></datafield><datafield ind1=" " ind2="0" tag="650"><subfield code="a">Jung, Carl Gustav, 1875-1961</subfield><subfield code="x">Dictionaries, Indexes, Etc</subfield></datafield><datafield ind1=" " ind2="0" tag="650"><subfield code="a">Jungian psychology</subfield><subfield code="v">Dictionaries</subfield></datafield><datafield ind1=" " ind2="0" tag="650"><subfield code="a">Libraries</subfield><subfield code="z">Soviet Union</subfield><subfield code="x">Automation</subfield></datafield><datafield ind1=" " ind2="0" tag="650"><subfield code="a">Library administration</subfield><subfield code="z">Soviet Union</subfield></datafield><datafield ind1=" " ind2="0" tag="650"><subfield code="a">Library science</subfield><subfield code="x">Technological innovations</subfield><subfield code="z">Soviet Union</subfield></datafield><datafield ind1=" " ind2="0" tag="650"><subfield code="a">Psychoanalysis</subfield><subfield code="v">Dictionaries</subfield></datafield><datafield ind1=" " ind2="0" tag="650"><subfield code="a">Psychoanalysis</subfield><subfield code="x">Dictionaries</subfield></datafield><datafield ind1=" " ind2="7" tag="655"><subfield code="a">Dictionnaires</subfield><subfield code="2">idref</subfield><subfield code="0">(IDREF)027232050</subfield></datafield><datafield ind1=" " ind2="7" tag="655"><subfield code="a">Wörterbuch</subfield><subfield code="2">idszbz</subfield></datafield><datafield ind1=" " ind2="0" tag="830"><subfield code="a">Studies in Jungian psychology by Jungian analysts</subfield><subfield code="v">47</subfield><subfield code="w">(NEBIS)000990826EBI01</subfield></datafield></record>
</metadata></record>