<record><header><identifier>oai:alma.41SLSP_UGE:991000016449705502</identifier><datestamp>2023-06-26T00:14:45Z</datestamp><setSpec>UNIGE_ALL</setSpec></header><metadata>
<record xmlns="http://www.loc.gov/MARC21/slim" xmlns:xsi="http://www.w3.org/2001/XMLSchema-instance" xsi:schemaLocation="http://www.loc.gov/MARC21/slim http://www.loc.gov/standards/marcxml/schema/MARC21slim.xsd"><leader>01725ngm a22003497c 4500</leader><controlfield tag="001">991000016449705502</controlfield><controlfield tag="005">20230625173212.0</controlfield><controlfield tag="007">vd |v||||</controlfield><controlfield tag="008">181004s2018    fr ||| |          v|jpn d</controlfield><datafield ind1="4" ind2="2" tag="028"><subfield code="a">1000707281</subfield></datafield><datafield ind1="4" ind2="2" tag="028"><subfield code="a">5051889626947</subfield></datafield><datafield ind1=" " ind2=" " tag="035"><subfield code="a">(swissbib)125138067-41slsp_network</subfield></datafield><datafield ind1=" " ind2=" " tag="035"><subfield code="a">125138067</subfield><subfield code="9">ExL</subfield></datafield><datafield ind1=" " ind2=" " tag="035"><subfield code="a">(RERO)R008849133-41slsp</subfield></datafield><datafield ind1=" " ind2=" " tag="035"><subfield code="a">(EXLNZ-41SLSP_NETWORK)991146739959705501</subfield></datafield><datafield ind1=" " ind2=" " tag="040"><subfield code="a">RERO geumem</subfield><subfield code="d">CH-ZuSLS</subfield></datafield><datafield ind1="1" ind2=" " tag="041"><subfield code="a">fre</subfield><subfield code="a">jpn</subfield><subfield code="h">jpn</subfield></datafield><datafield ind1=" " ind2="7" tag="072"><subfield code="a">ba</subfield><subfield code="2">rero</subfield></datafield><datafield ind1="0" ind2="0" tag="245"><subfield code="a">&lt;&lt;The&gt;&gt; third murder</subfield><subfield code="c">un film de Kore-Eda Hirokazu</subfield></datafield><datafield ind1=" " ind2="1" tag="264"><subfield code="a">[Lieu de publication non identifié]</subfield><subfield code="b">Warner Home Video</subfield><subfield code="c">2018</subfield></datafield><datafield ind1=" " ind2=" " tag="300"><subfield code="a">1 DVD vidéo</subfield></datafield><datafield ind1=" " ind2=" " tag="336"><subfield code="b">tdi</subfield><subfield code="2">rdacontent</subfield></datafield><datafield ind1=" " ind2=" " tag="337"><subfield code="b">v</subfield><subfield code="2">rdamedia</subfield></datafield><datafield ind1=" " ind2=" " tag="338"><subfield code="b">vd</subfield><subfield code="2">rdacarrier</subfield></datafield><datafield ind1=" " ind2=" " tag="500"><subfield code="a">Langues: Japonais, français. Sous-titres: Français, français pour sourds et malentendants</subfield></datafield><datafield ind1=" " ind2=" " tag="500"><subfield code="a">Durée du film : 120 min.</subfield></datafield><datafield ind1=" " ind2=" " tag="500"><subfield code="a">Une prod. Fuji Televisions Network / Amuse / Gaga corporation, 2017</subfield></datafield><datafield ind1="0" ind2=" " tag="505"><subfield code="a">Entretien avec le réalisateur Kore-eda Hirokazu. - 10 min.</subfield></datafield><datafield ind1="0" ind2=" " tag="511"><subfield code="a">Fukuyama Masaharu ; Yakusho Koji ; Hirose Suzu</subfield></datafield><datafield ind1="8" ind2=" " tag="520"><subfield code="a">&quot;Le grand avocat Shigemori est chargé de défendre Misumi, accusé de vol et d'assassinat. Ce dernier a déjà purgé une peine de prison pour meurtre 30 ans auparavant. Les chances pour Shigemori de gagner ce procès semblent minces, d'autant que Misumi a avoué son crime, malgré la peine de mort qui l'attend s'il est condamné. Pourtant, au fil de l'enquête et des témoignages, Shigemori commence à douter de la culpabilité de son client.&quot;</subfield><subfield code="5">RERO/geumem/11.2018</subfield></datafield><datafield ind1=" " ind2="7" tag="655"><subfield code="a">DVD</subfield><subfield code="0">(IDREF)035108444</subfield><subfield code="2">idref</subfield></datafield><datafield ind1=" " ind2="7" tag="655"><subfield code="a">Films de fiction</subfield><subfield code="0">(IDREF)14779644X</subfield><subfield code="2">idref</subfield></datafield><datafield ind1="1" ind2=" " tag="700"><subfield code="a">Koreeda, Hirokazu</subfield><subfield code="d">1962-....</subfield><subfield code="0">(IDREF)10058893X</subfield></datafield></record>
</metadata></record>