<record><header><identifier>oai:alma.41SLSP_UGE:991000016969705502</identifier><datestamp>2024-05-03T00:16:02Z</datestamp><setSpec>uge_bcen_RapidILL_BOOK</setSpec><setSpec>uge_aaca_RapidILL_BOOK</setSpec><setSpec>uge_abels_RapidILL_BOOK</setSpec><setSpec>uge_dbu_RapidILL_BOOK</setSpec><setSpec>uge_cmu_RapidILL_BOOK</setSpec><setSpec>uge_mail_RapidILL_BOOK</setSpec><setSpec>uge_abbat_RapidILL_BOOK</setSpec><setSpec>UNIGE_ALL</setSpec><setSpec>uge_acar_RapidILL_BOOK</setSpec><setSpec>uge_aobs_RapidILL_BOOK</setSpec></header><metadata>
<record xmlns="http://www.loc.gov/MARC21/slim" xmlns:xsi="http://www.w3.org/2001/XMLSchema-instance" xsi:schemaLocation="http://www.loc.gov/MARC21/slim http://www.loc.gov/standards/marcxml/schema/MARC21slim.xsd"><leader>02996nam a2200409 c 4500</leader><controlfield tag="001">991000016969705502</controlfield><controlfield tag="005">20210301162713.0</controlfield><controlfield tag="008">181128s2015    enk||||| |||| 00| ||eng d</controlfield><datafield ind1=" " ind2=" " tag="020"><subfield code="a">178478303X</subfield><subfield code="q">pbk.</subfield></datafield><datafield ind1=" " ind2=" " tag="020"><subfield code="a">1844677532</subfield><subfield code="q">hbk.</subfield></datafield><datafield ind1=" " ind2=" " tag="020"><subfield code="a">9781784783037</subfield><subfield code="q">pbk.</subfield></datafield><datafield ind1=" " ind2=" " tag="020"><subfield code="a">9781844677535</subfield><subfield code="q">hbk.</subfield></datafield><datafield ind1=" " ind2=" " tag="035"><subfield code="a">(swissbib)125300689-41slsp_network</subfield></datafield><datafield ind1=" " ind2=" " tag="035"><subfield code="a">125300689</subfield><subfield code="9">ExL</subfield></datafield><datafield ind1=" " ind2=" " tag="035"><subfield code="a">(RERO)R008871190-41slsp</subfield></datafield><datafield ind1=" " ind2=" " tag="035"><subfield code="a">(EXLNZ-41SLSP_NETWORK)991021919719705501</subfield></datafield><datafield ind1=" " ind2=" " tag="040"><subfield code="a">UKTTE</subfield><subfield code="b">eng</subfield><subfield code="d">CH-ZuSLS</subfield></datafield><datafield ind1="1" ind2=" " tag="041"><subfield code="a">eng</subfield><subfield code="h">heb</subfield></datafield><datafield ind1=" " ind2=" " tag="080"><subfield code="a">77:32 AZO</subfield></datafield><datafield ind1="1" ind2=" " tag="100"><subfield code="a">Azoulay, Ariella Aïsha</subfield><subfield code="d">1962-....</subfield><subfield code="0">(IDREF)067007996</subfield><subfield code="4">aut</subfield></datafield><datafield ind1="1" ind2="0" tag="245"><subfield code="a">Civil imagination</subfield><subfield code="b">a political ontology of photography</subfield><subfield code="c">Ariella Azoulay ; translated by Louise Bethlehem</subfield></datafield><datafield ind1=" " ind2=" " tag="250"><subfield code="a">Paperback English-language ed.</subfield></datafield><datafield ind1=" " ind2="1" tag="264"><subfield code="a">London</subfield><subfield code="a">New York</subfield><subfield code="b">Verso</subfield><subfield code="c">2015</subfield></datafield><datafield ind1=" " ind2=" " tag="300"><subfield code="a">ix, 277 pages</subfield><subfield code="b">illustrations</subfield><subfield code="c">24 cm</subfield></datafield><datafield ind1=" " ind2=" " tag="336"><subfield code="b">txt</subfield><subfield code="2">rdacontent</subfield></datafield><datafield ind1=" " ind2=" " tag="337"><subfield code="b">n</subfield><subfield code="2">rdamedia</subfield></datafield><datafield ind1=" " ind2=" " tag="338"><subfield code="b">nc</subfield><subfield code="2">rdacarrier</subfield></datafield><datafield ind1=" " ind2=" " tag="500"><subfield code="a">First published in the English language by Verso, 2012. First published in Jewish by Resling Publishing, Israel, 2010</subfield></datafield><datafield ind1=" " ind2=" " tag="504"><subfield code="a">Includes bibliographical references (pages 249-272) and index</subfield></datafield><datafield ind1="0" ind2=" " tag="505"><subfield code="a">What is photography? -- Rethinking the political -- The photograph as the source of civil knowledge -- Civil uses of photography</subfield></datafield><datafield ind1="8" ind2=" " tag="520"><subfield code="a">Examines how photography in Israel can reinforce and resist the oppressive reality upon people the depicted</subfield></datafield><datafield ind1="8" ind2=" " tag="520"><subfield code="a">Understanding photography is more than a matter of assessing photographs, writes Ariella Azoulay. The photograph is merely one event in a sequence that constitutes photography and which always involves an actual or potential spectator in the relationship between the photographer and the individual portrayed. The shift in focus from product to practice, outlined in 'Civil Imagination,' brings to light the way images can both reinforce and resist the oppressive reality foisted upon the people depicted. Through photography, 'Civil Imagination' seeks out relations of partnership, solidarity, and sharing that come into being at the expense of sovereign powers that threaten to destroy them. Azoulay argues that the 'civil' must be distinguished from the 'political' as the interest that citizens have in themselves, in others, in their shared forms of coexistence, as well as in the world they create and transform. Azoulay's book sketches out a new horizon of civil living for citizens as well as subjects denied citizenship inevitable partners in a reality they are invited to imagine anew and to reconstruct. Beautifully produced with many illustrations, 'Civil Imagination' is a provocative argument for photography as a civic practice capable of reclaiming civil power</subfield></datafield><datafield ind1=" " ind2="0" tag="650"><subfield code="a">Photographic criticism</subfield><subfield code="z">Israel</subfield></datafield><datafield ind1=" " ind2="0" tag="650"><subfield code="a">Photography</subfield><subfield code="x">Philosophy</subfield></datafield><datafield ind1=" " ind2="0" tag="650"><subfield code="a">Photography</subfield><subfield code="x">Political aspects</subfield><subfield code="z">Israel</subfield></datafield><datafield ind1="1" ind2=" " tag="700"><subfield code="a">Bethlehem, Louise</subfield><subfield code="0">(IDREF)088622622</subfield><subfield code="4">trl</subfield></datafield><datafield ind1=" " ind2=" " tag="900"><subfield code="a">REROnoselfmerge</subfield></datafield><datafield ind1=" " ind2=" " tag="910"><subfield code="a">OCoLC</subfield><subfield code="b">20181128</subfield><subfield code="c">Réutilisation sous conditions: Licence ODC-BY</subfield></datafield></record>
</metadata></record>