<record><header><identifier>oai:alma.41SLSP_UGE:991000017409705502</identifier><datestamp>2024-09-25T00:08:19Z</datestamp><setSpec>uge_bcen_RapidILL_BOOK</setSpec><setSpec>uge_aaca_RapidILL_BOOK</setSpec><setSpec>uge_abels_RapidILL_BOOK</setSpec><setSpec>uge_dbu_RapidILL_BOOK</setSpec><setSpec>uge_cmu_RapidILL_BOOK</setSpec><setSpec>uge_mail_RapidILL_BOOK</setSpec><setSpec>uge_abbat_RapidILL_BOOK</setSpec><setSpec>UNIGE_ALL</setSpec><setSpec>uge_acar_RapidILL_BOOK</setSpec><setSpec>uge_aobs_RapidILL_BOOK</setSpec></header><metadata>
<record xmlns="http://www.loc.gov/MARC21/slim" xmlns:xsi="http://www.w3.org/2001/XMLSchema-instance" xsi:schemaLocation="http://www.loc.gov/MARC21/slim http://www.loc.gov/standards/marcxml/schema/MARC21slim.xsd"><leader>01026nam a2200313 c 4500</leader><controlfield tag="001">991000017409705502</controlfield><controlfield tag="005">20240924142641.0</controlfield><controlfield tag="008">910128s1990    sz ||||| m||| 00| ||fre d</controlfield><datafield ind1=" " ind2=" " tag="035"><subfield code="a">(swissbib)085271918-41slsp_network</subfield></datafield><datafield ind1=" " ind2=" " tag="035"><subfield code="a">085271918</subfield><subfield code="9">ExL</subfield></datafield><datafield ind1=" " ind2=" " tag="035"><subfield code="a">(RERO)1333956-41slsp</subfield></datafield><datafield ind1=" " ind2=" " tag="035"><subfield code="a">(EXLNZ-41SLSP_NETWORK)991084529889705501</subfield></datafield><datafield ind1=" " ind2=" " tag="040"><subfield code="a">RERO geucmu</subfield><subfield code="d">CH-ZuSLS</subfield></datafield><datafield ind1=" " ind2=" " tag="044"><subfield code="a">sz</subfield><subfield code="c">ch-ge</subfield></datafield><datafield ind1=" " ind2="7" tag="072"><subfield code="a">me</subfield><subfield code="2">rero</subfield></datafield><datafield ind1="1" ind2=" " tag="100"><subfield code="a">Piletta-Zanin, Pierre-André</subfield><subfield code="d">19..-....</subfield><subfield code="0">(IDREF)280372035</subfield><subfield code="4">aut</subfield></datafield><datafield ind1="1" ind2="0" tag="245"><subfield code="a">Effet analgésique central du paracétamol et de l'acide acetylsalicyclique</subfield><subfield code="c">Pierre-André Piletta-Zanin</subfield></datafield><datafield ind1=" " ind2="1" tag="264"><subfield code="a">Genève</subfield><subfield code="b">HCUG</subfield><subfield code="c">1990</subfield></datafield><datafield ind1=" " ind2=" " tag="300"><subfield code="a">23 f.</subfield><subfield code="b">ill.</subfield><subfield code="c">30 cm</subfield></datafield><datafield ind1=" " ind2=" " tag="336"><subfield code="b">txt</subfield><subfield code="2">rdacontent</subfield></datafield><datafield ind1=" " ind2=" " tag="337"><subfield code="b">n</subfield><subfield code="2">rdamedia</subfield></datafield><datafield ind1=" " ind2=" " tag="338"><subfield code="b">nc</subfield><subfield code="2">rdacarrier</subfield></datafield><datafield ind1=" " ind2=" " tag="502"><subfield code="a">Th. méd. Genève, 1990 ; Méd. 9199</subfield></datafield><datafield ind1=" " ind2="2" tag="650"><subfield code="a">Acetaminophen</subfield><subfield code="x">pharmacology</subfield></datafield><datafield ind1=" " ind2="2" tag="650"><subfield code="a">Aspirin</subfield><subfield code="x">pharmacology</subfield></datafield><datafield ind1=" " ind2="2" tag="650"><subfield code="a">Analgesia</subfield></datafield><datafield ind1=" " ind2="2" tag="650"><subfield code="a">Central Nervous System</subfield><subfield code="x">drug effects</subfield></datafield><datafield ind1=" " ind2="2" tag="650"><subfield code="a">Pain Measurement</subfield></datafield><datafield ind1=" " ind2="2" tag="655"><subfield code="a">Academic Dissertation</subfield></datafield><datafield ind1=" " ind2=" " tag="900"><subfield code="a">REROnoselfmerge</subfield></datafield></record>
</metadata></record>