<record><header><identifier>oai:alma.41SLSP_UGE:991000016679705502</identifier><datestamp>2023-03-01T01:09:09Z</datestamp><setSpec>uge_bcen_RapidILL_BOOK</setSpec><setSpec>uge_aaca_RapidILL_BOOK</setSpec><setSpec>uge_abels_RapidILL_BOOK</setSpec><setSpec>uge_dbu_RapidILL_BOOK</setSpec><setSpec>uge_cmu_RapidILL_BOOK</setSpec><setSpec>uge_mail_RapidILL_BOOK</setSpec><setSpec>UNIGE_ALL</setSpec><setSpec>uge_abbat_RapidILL_BOOK</setSpec><setSpec>uge_aobs_RapidILL_BOOK</setSpec><setSpec>uge_acar_RapidILL_BOOK</setSpec></header><metadata>
<record xmlns="http://www.loc.gov/MARC21/slim" xmlns:xsi="http://www.w3.org/2001/XMLSchema-instance" xsi:schemaLocation="http://www.loc.gov/MARC21/slim http://www.loc.gov/standards/marcxml/schema/MARC21slim.xsd"><leader>02163nam a2200613 c 4500</leader><controlfield tag="001">991000016679705502</controlfield><controlfield tag="005">20210207212850.0</controlfield><controlfield tag="008">201012t19861986gw ||||| |||| 00| ||eng d</controlfield><datafield ind1=" " ind2=" " tag="020"><subfield code="a">0387160256</subfield><subfield code="q">New York</subfield></datafield><datafield ind1=" " ind2=" " tag="020"><subfield code="a">3540160256</subfield><subfield code="q">Berlin</subfield></datafield><datafield ind1=" " ind2=" " tag="035"><subfield code="a">(swissbib)237758288-41slsp_network</subfield></datafield><datafield ind1=" " ind2=" " tag="035"><subfield code="a">237758288</subfield><subfield code="9">ExL</subfield></datafield><datafield ind1=" " ind2=" " tag="035"><subfield code="a">(RERO)0693227-41slsp</subfield></datafield><datafield ind1=" " ind2=" " tag="035"><subfield code="a">(NEBIS)000377501EBI01</subfield></datafield><datafield ind1=" " ind2=" " tag="035"><subfield code="a">(IDSBB)000158711DSV01</subfield></datafield><datafield ind1=" " ind2=" " tag="035"><subfield code="a">(EXLNZ-41SLSP_NETWORK)991113779389705501</subfield></datafield><datafield ind1=" " ind2=" " tag="040"><subfield code="a">RERO geucmu</subfield><subfield code="d">CH-ZuSLS</subfield></datafield><datafield ind1=" " ind2=" " tag="044"><subfield code="a">gw</subfield><subfield code="a">xxu</subfield></datafield><datafield ind1=" " ind2="7" tag="072"><subfield code="a">me</subfield><subfield code="2">rero</subfield></datafield><datafield ind1=" " ind2="7" tag="072"><subfield code="a">me</subfield><subfield code="2">SzZuIDS BS/BE</subfield></datafield><datafield ind1="0" ind2="0" tag="082"><subfield code="a">615/.1 s</subfield><subfield code="a">615.9/25662</subfield><subfield code="2">19</subfield></datafield><datafield ind1="1" ind2="4" tag="082"><subfield code="a">615.1</subfield><subfield code="2">22</subfield></datafield><datafield ind1="1" ind2="4" tag="082"><subfield code="a">615.925 662</subfield><subfield code="2">22</subfield></datafield><datafield ind1="1" ind2="4" tag="082"><subfield code="a">610</subfield><subfield code="2">15</subfield></datafield><datafield ind1=" " ind2=" " tag="084"><subfield code="a">VT 4000</subfield><subfield code="2">rvk</subfield></datafield><datafield ind1=" " ind2=" " tag="084"><subfield code="a">XI 1701</subfield><subfield code="2">rvk</subfield></datafield><datafield ind1="0" ind2="0" tag="245"><subfield code="a">Cadmium</subfield><subfield code="c">contributors A. Bernard... [et al.] ; ed. E. C. Foulkes</subfield></datafield><datafield ind1=" " ind2="1" tag="264"><subfield code="a">Berlin</subfield><subfield code="a">Heidelberg [etc.]</subfield><subfield code="b">Springer</subfield><subfield code="c">[1986]</subfield></datafield><datafield ind1=" " ind2="4" tag="264"><subfield code="c">© 1986</subfield></datafield><datafield ind1=" " ind2=" " tag="300"><subfield code="a">XIV, 400 p.</subfield><subfield code="c">25 cm</subfield><subfield code="b">59 fig.; tab.</subfield></datafield><datafield ind1=" " ind2=" " tag="336"><subfield code="b">txt</subfield><subfield code="2">rdacontent</subfield></datafield><datafield ind1=" " ind2=" " tag="337"><subfield code="b">n</subfield><subfield code="2">rdamedia</subfield></datafield><datafield ind1=" " ind2=" " tag="338"><subfield code="b">nc</subfield><subfield code="2">rdacarrier</subfield></datafield><datafield ind1="1" ind2=" " tag="490"><subfield code="a">Handbook of experimental pharmacology</subfield><subfield code="v">vol. 80</subfield></datafield><datafield ind1=" " ind2="2" tag="650"><subfield code="a">Cadmium</subfield></datafield><datafield ind1=" " ind2="2" tag="650"><subfield code="a">Cadmium</subfield><subfield code="x">toxicity</subfield></datafield><datafield ind1=" " ind2="2" tag="650"><subfield code="a">Cadmium</subfield><subfield code="x">adverse effects</subfield></datafield><datafield ind1=" " ind2="7" tag="650"><subfield code="a">Cadmiumstoffwechsel</subfield><subfield code="0">(DE-588)4130829-3</subfield><subfield code="2">gnd</subfield></datafield><datafield ind1=" " ind2="0" tag="650"><subfield code="a">Cadmium</subfield><subfield code="x">Analysis</subfield></datafield><datafield ind1=" " ind2="0" tag="650"><subfield code="a">Cadmium</subfield><subfield code="x">Environmental aspects</subfield></datafield><datafield ind1=" " ind2="0" tag="650"><subfield code="a">Cadmium</subfield><subfield code="x">Physiological effect</subfield></datafield><datafield ind1=" " ind2="0" tag="650"><subfield code="a">Cadmium</subfield><subfield code="x">Toxicology</subfield></datafield><datafield ind1=" " ind2="0" tag="650"><subfield code="a">Metallothionein</subfield></datafield><datafield ind1=" " ind2="7" tag="650"><subfield code="a">CADMIUM (CHEMISCHE ELEMENTE)</subfield><subfield code="9">ger</subfield><subfield code="0">(ETHUDK)000017091</subfield><subfield code="2">ethudk</subfield></datafield><datafield ind1=" " ind2="7" tag="650"><subfield code="a">CADMIUMVERGIFTUNG + ITAI-ITAI-KRANKHEIT (TOXIKOLOGIE)</subfield><subfield code="9">ger</subfield><subfield code="0">(ETHUDK)000046461</subfield><subfield code="2">ethudk</subfield></datafield><datafield ind1=" " ind2="7" tag="650"><subfield code="a">TOXIKOLOGIE</subfield><subfield code="9">ger</subfield><subfield code="0">(ETHUDK)000026897</subfield><subfield code="2">ethudk</subfield></datafield><datafield ind1=" " ind2="7" tag="650"><subfield code="a">Cadmium</subfield><subfield code="x">Organismus</subfield><subfield code="2">idsbb</subfield></datafield><datafield ind1=" " ind2=" " tag="690"><subfield code="a">Cadmium / Medizin, Gesundheitswesen</subfield><subfield code="2">uzb-Z9</subfield></datafield><datafield ind1=" " ind2=" " tag="690"><subfield code="a">Metallothionein</subfield><subfield code="2">uzb-Z9</subfield></datafield><datafield ind1=" " ind2=" " tag="690"><subfield code="a">Ökotoxikologie / Einzelne Stoffe</subfield><subfield code="2">uzb-Z9</subfield></datafield><datafield ind1="1" ind2=" " tag="700"><subfield code="a">Bernard, A.</subfield></datafield><datafield ind1="1" ind2=" " tag="700"><subfield code="a">Foulkes, Ernest C</subfield><subfield code="d">1924-....</subfield><subfield code="0">(IDREF)031656625</subfield></datafield><datafield ind1=" " ind2="0" tag="830"><subfield code="a">Handbook of experimental pharmacology</subfield><subfield code="v">80</subfield><subfield code="w">(RERO)0523275-41slsp</subfield></datafield><datafield ind1=" " ind2="0" tag="830"><subfield code="a">Handbook of experimental pharmacology</subfield><subfield code="v">80</subfield><subfield code="w">(IDSBB)000099223DSV01</subfield></datafield><datafield ind1=" " ind2=" " tag="900"><subfield code="a">REROnoselfmerge</subfield></datafield></record>
</metadata></record>